<record><header><identifier>oai:aleph-nkp.cz:SKC01-001462178</identifier><datestamp>2022-06-23T11:05:03Z</datestamp><setSpec>SKC</setSpec></header><metadata><marc:record xmlns:marc="http://www.loc.gov/MARC21/slim"
xmlns:xsi="http://www.w3.org/2001/XMLSchema-instance"
xsi:schemaLocation="http://www.loc.gov/MARC21/slim
http://www.loc.gov/standards/marcxml/schema/MARC21slim.xsd"><marc:leader>     nam a22     7i 4500</marc:leader><marc:controlfield tag="001">006373578</marc:controlfield><marc:controlfield tag="003">CZ PrSKC</marc:controlfield><marc:controlfield tag="005">20161122104515.0</marc:controlfield><marc:controlfield tag="008">160818s1978    xxk||||| |||||||| ||eng d</marc:controlfield><marc:datafield tag="020" ind1=" " ind2=" "><marc:subfield code="a">0-8014-1171-8</marc:subfield></marc:datafield><marc:datafield tag="040" ind1=" " ind2=" "><marc:subfield code="a">BOD034</marc:subfield><marc:subfield code="b">cze</marc:subfield><marc:subfield code="e">rda</marc:subfield></marc:datafield><marc:datafield tag="072" ind1=" " ind2="7"><marc:subfield code="a">59</marc:subfield><marc:subfield code="x">Zoologie</marc:subfield><marc:subfield code="2">Konspekt</marc:subfield><marc:subfield code="9">2</marc:subfield></marc:datafield><marc:datafield tag="080" ind1=" " ind2=" "><marc:subfield code="a">599</marc:subfield><marc:subfield code="2">MRF</marc:subfield></marc:datafield><marc:datafield tag="080" ind1=" " ind2=" "><marc:subfield code="a">(211-17)</marc:subfield><marc:subfield code="2">MRF</marc:subfield></marc:datafield><marc:datafield tag="080" ind1=" " ind2=" "><marc:subfield code="a">592/599.06</marc:subfield><marc:subfield code="2">MRF</marc:subfield></marc:datafield><marc:datafield tag="080" ind1=" " ind2=" "><marc:subfield code="a">(048.8)</marc:subfield><marc:subfield code="2">MRF</marc:subfield></marc:datafield><marc:datafield tag="100" ind1="1" ind2=" "><marc:subfield code="a">Corbet, G. B.</marc:subfield><marc:subfield code="q">(Gordon Barclay),</marc:subfield><marc:subfield code="d">1933-</marc:subfield><marc:subfield code="7">jn20011018874</marc:subfield><marc:subfield code="4">aut</marc:subfield></marc:datafield><marc:datafield tag="245" ind1="1" ind2="4"><marc:subfield code="a">The mammals of the Palaearctic Region :</marc:subfield><marc:subfield code="b">a taxonomic review /</marc:subfield><marc:subfield code="c">G.B. Corbet</marc:subfield></marc:datafield><marc:datafield tag="264" ind1=" " ind2="1"><marc:subfield code="a">London :</marc:subfield><marc:subfield code="b">British Museum (Natural History),</marc:subfield><marc:subfield code="c">1978</marc:subfield></marc:datafield><marc:datafield tag="300" ind1=" " ind2=" "><marc:subfield code="a">314 stran :</marc:subfield><marc:subfield code="b">mapy</marc:subfield></marc:datafield><marc:datafield tag="336" ind1=" " ind2=" "><marc:subfield code="a">text</marc:subfield><marc:subfield code="b">txt</marc:subfield><marc:subfield code="2">rdacontent</marc:subfield></marc:datafield><marc:datafield tag="337" ind1=" " ind2=" "><marc:subfield code="a">bez média</marc:subfield><marc:subfield code="b">n</marc:subfield><marc:subfield code="2">rdamedia</marc:subfield></marc:datafield><marc:datafield tag="338" ind1=" " ind2=" "><marc:subfield code="a">svazek</marc:subfield><marc:subfield code="b">nc</marc:subfield><marc:subfield code="2">rdacarrier</marc:subfield></marc:datafield><marc:datafield tag="650" ind1="0" ind2="7"><marc:subfield code="a">savci</marc:subfield><marc:subfield code="7">ph116109</marc:subfield><marc:subfield code="2">czenas</marc:subfield></marc:datafield><marc:datafield tag="650" ind1="0" ind2="7"><marc:subfield code="a">systematická zoologie</marc:subfield><marc:subfield code="7">ph126373</marc:subfield><marc:subfield code="2">czenas</marc:subfield></marc:datafield><marc:datafield tag="650" ind1="0" ind2="9"><marc:subfield code="a">mammals</marc:subfield><marc:subfield code="2">eczenas</marc:subfield></marc:datafield><marc:datafield tag="650" ind1="0" ind2="9"><marc:subfield code="a">systematic zoology</marc:subfield><marc:subfield code="2">eczenas</marc:subfield></marc:datafield><marc:datafield tag="650" ind1="0" ind2="9"><marc:subfield code="a">Arctic region</marc:subfield><marc:subfield code="2">eczenas</marc:subfield></marc:datafield><marc:datafield tag="651" ind1=" " ind2="7"><marc:subfield code="a">arktická oblast</marc:subfield><marc:subfield code="7">ge134555</marc:subfield><marc:subfield code="2">czenas</marc:subfield></marc:datafield><marc:datafield tag="655" ind1=" " ind2="7"><marc:subfield code="a">monografie</marc:subfield><marc:subfield code="7">fd132842</marc:subfield><marc:subfield code="2">czenas</marc:subfield></marc:datafield><marc:datafield tag="655" ind1=" " ind2="9"><marc:subfield code="a">monographs</marc:subfield><marc:subfield code="2">eczenas</marc:subfield></marc:datafield><marc:datafield tag="900" ind1=" " ind2=" "><marc:subfield code="a">BOD114</marc:subfield><marc:subfield code="b">16</marc:subfield></marc:datafield><marc:datafield tag="910" ind1=" " ind2=" "><marc:subfield code="a">ABD046</marc:subfield><marc:subfield code="x">000044707</marc:subfield><marc:subfield code="w">l</marc:subfield></marc:datafield><marc:datafield tag="910" ind1=" " ind2=" "><marc:subfield code="a">BOB011</marc:subfield><marc:subfield code="b">K5142/788</marc:subfield></marc:datafield><marc:datafield tag="910" ind1=" " ind2=" "><marc:subfield code="a">BOD034</marc:subfield><marc:subfield code="x">006373578</marc:subfield><marc:subfield code="w">l</marc:subfield></marc:datafield><marc:datafield tag="998" ind1=" " ind2=" "><marc:subfield code="a">http://aleph.nkp.cz/F/?func=direct&amp;doc_number=001462178&amp;local_base=SKC</marc:subfield></marc:datafield></marc:record></metadata></record>