<record><header><identifier>oai:aleph-nkp.cz:SKC01-001683781</identifier><datestamp>2022-06-23T11:05:07Z</datestamp><setSpec>SKC</setSpec></header><metadata><marc:record xmlns:marc="http://www.loc.gov/MARC21/slim"
xmlns:xsi="http://www.w3.org/2001/XMLSchema-instance"
xsi:schemaLocation="http://www.loc.gov/MARC21/slim
http://www.loc.gov/standards/marcxml/schema/MARC21slim.xsd"><marc:leader>     nam a22     2i 4500</marc:leader><marc:controlfield tag="001">001507349</marc:controlfield><marc:controlfield tag="003">CZ PrSKC</marc:controlfield><marc:controlfield tag="005">20160614135047.0</marc:controlfield><marc:controlfield tag="007">ta</marc:controlfield><marc:controlfield tag="008">160126s1986    pl a   er|||||||| ||pol d</marc:controlfield><marc:datafield tag="040" ind1=" " ind2=" "><marc:subfield code="a">OSA001</marc:subfield><marc:subfield code="b">cze</marc:subfield><marc:subfield code="d">BOA001</marc:subfield><marc:subfield code="e">rda</marc:subfield></marc:datafield><marc:datafield tag="072" ind1=" " ind2="7"><marc:subfield code="a">59</marc:subfield><marc:subfield code="x">Zoologie</marc:subfield><marc:subfield code="2">Konspekt</marc:subfield><marc:subfield code="9">2</marc:subfield></marc:datafield><marc:datafield tag="100" ind1="1" ind2=" "><marc:subfield code="a">Krzyżanowski, Krzysztof</marc:subfield><marc:subfield code="4">aut</marc:subfield></marc:datafield><marc:datafield tag="245" ind1="1" ind2="0"><marc:subfield code="a">Wśród zwierząt :</marc:subfield><marc:subfield code="b">ssaki /</marc:subfield><marc:subfield code="c">Krzysztof Krzyżanowski ; ilustracje Albin Łacki</marc:subfield></marc:datafield><marc:datafield tag="250" ind1=" " ind2=" "><marc:subfield code="a">1. wydanie</marc:subfield></marc:datafield><marc:datafield tag="264" ind1=" " ind2="1"><marc:subfield code="a">Poznań :</marc:subfield><marc:subfield code="b">Państwowe Wydawnictwo Rolnicze i Leśne,</marc:subfield><marc:subfield code="c">1986</marc:subfield></marc:datafield><marc:datafield tag="300" ind1=" " ind2=" "><marc:subfield code="a">216 stran :</marc:subfield><marc:subfield code="b">ilustrace</marc:subfield></marc:datafield><marc:datafield tag="336" ind1=" " ind2=" "><marc:subfield code="a">text</marc:subfield><marc:subfield code="b">txt</marc:subfield><marc:subfield code="2">rdacontent</marc:subfield></marc:datafield><marc:datafield tag="337" ind1=" " ind2=" "><marc:subfield code="a">bez média</marc:subfield><marc:subfield code="b">n</marc:subfield><marc:subfield code="2">rdamedia</marc:subfield></marc:datafield><marc:datafield tag="338" ind1=" " ind2=" "><marc:subfield code="a">svazek</marc:subfield><marc:subfield code="b">nc</marc:subfield><marc:subfield code="2">rdacarrier</marc:subfield></marc:datafield><marc:datafield tag="650" ind1="0" ind2="7"><marc:subfield code="a">savci</marc:subfield><marc:subfield code="7">ph116109</marc:subfield><marc:subfield code="2">czenas</marc:subfield></marc:datafield><marc:datafield tag="700" ind1="1" ind2=" "><marc:subfield code="a">Łacki, Albin</marc:subfield><marc:subfield code="4">ill</marc:subfield></marc:datafield><marc:datafield tag="900" ind1=" " ind2=" "><marc:subfield code="a">BOA001</marc:subfield><marc:subfield code="b">13</marc:subfield></marc:datafield><marc:datafield tag="910" ind1=" " ind2=" "><marc:subfield code="a">BOA001</marc:subfield><marc:subfield code="x">001507349</marc:subfield><marc:subfield code="b">M2-0922.970</marc:subfield><marc:subfield code="w">l</marc:subfield></marc:datafield><marc:datafield tag="910" ind1=" " ind2=" "><marc:subfield code="a">OSA001</marc:subfield><marc:subfield code="x">000378822</marc:subfield><marc:subfield code="b">G 216.430</marc:subfield><marc:subfield code="w">l</marc:subfield></marc:datafield><marc:datafield tag="998" ind1=" " ind2=" "><marc:subfield code="a">http://aleph.nkp.cz/F/?func=direct&amp;doc_number=001683781&amp;local_base=SKC</marc:subfield></marc:datafield></marc:record></metadata></record><record><header status="deleted"><identifier>oai:aleph-nkp.cz:SKC01-009449544</identifier><datestamp>2022-06-23T11:05:37Z</datestamp><setSpec>SKC</setSpec></header></record>