<record><header><identifier>oai:aleph-nkp.cz:SKC01-002031743</identifier><datestamp>2022-06-23T11:05:38Z</datestamp><setSpec>SKC</setSpec></header><metadata><marc:record xmlns:marc="http://www.loc.gov/MARC21/slim"
xmlns:xsi="http://www.w3.org/2001/XMLSchema-instance"
xsi:schemaLocation="http://www.loc.gov/MARC21/slim
http://www.loc.gov/standards/marcxml/schema/MARC21slim.xsd"><marc:leader>     nam a22     3a 4500</marc:leader><marc:controlfield tag="001">m0045449</marc:controlfield><marc:controlfield tag="003">CZ PrSKC</marc:controlfield><marc:controlfield tag="005">20220623130400.0</marc:controlfield><marc:controlfield tag="007">ta</marc:controlfield><marc:controlfield tag="008">050311s2004    xr            ||| | cze d</marc:controlfield><marc:datafield tag="020" ind1=" " ind2=" "><marc:subfield code="a">80-7294-062-7</marc:subfield><marc:subfield code="q">(soubor)</marc:subfield></marc:datafield><marc:datafield tag="020" ind1=" " ind2=" "><marc:subfield code="a">80-7294-123-2</marc:subfield></marc:datafield><marc:datafield tag="040" ind1=" " ind2=" "><marc:subfield code="a">CBA001</marc:subfield><marc:subfield code="b">cze</marc:subfield><marc:subfield code="d">ABA100</marc:subfield></marc:datafield><marc:datafield tag="072" ind1=" " ind2="7"><marc:subfield code="a">821.09</marc:subfield><marc:subfield code="x">Literatura v různých jazycích (o ní)</marc:subfield><marc:subfield code="2">Konspekt</marc:subfield><marc:subfield code="9">11</marc:subfield></marc:datafield><marc:datafield tag="080" ind1=" " ind2=" "><marc:subfield code="a">821</marc:subfield><marc:subfield code="2">MRF</marc:subfield></marc:datafield><marc:datafield tag="080" ind1=" " ind2=" "><marc:subfield code="a">821.162.3</marc:subfield><marc:subfield code="2">MRF</marc:subfield></marc:datafield><marc:datafield tag="080" ind1=" " ind2=" "><marc:subfield code="a">929</marc:subfield><marc:subfield code="2">MRF</marc:subfield></marc:datafield><marc:datafield tag="100" ind1="1" ind2=" "><marc:subfield code="a">Brož, František,</marc:subfield><marc:subfield code="d">1960-</marc:subfield><marc:subfield code="7">xx0004455</marc:subfield><marc:subfield code="4">aut</marc:subfield></marc:datafield><marc:datafield tag="245" ind1="1" ind2="0"><marc:subfield code="a">Česká a světová literatura v datech.</marc:subfield><marc:subfield code="n">II,</marc:subfield><marc:subfield code="p">(1900-1945) /</marc:subfield><marc:subfield code="c">František Brož</marc:subfield></marc:datafield><marc:datafield tag="246" ind1="3" ind2=" "><marc:subfield code="a">Česká a světová literatura v datech II</marc:subfield></marc:datafield><marc:datafield tag="250" ind1=" " ind2=" "><marc:subfield code="a">Vyd. 1</marc:subfield></marc:datafield><marc:datafield tag="260" ind1=" " ind2=" "><marc:subfield code="a">Brno :</marc:subfield><marc:subfield code="b">Host,</marc:subfield><marc:subfield code="c">2004</marc:subfield></marc:datafield><marc:datafield tag="300" ind1=" " ind2=" "><marc:subfield code="a">439 s.</marc:subfield></marc:datafield><marc:datafield tag="504" ind1=" " ind2=" "><marc:subfield code="a">Obsahuje bibliografii</marc:subfield></marc:datafield><marc:datafield tag="520" ind1="9" ind2=" "><marc:subfield code="a">Druhý svazek čtyřdílné chronologicky uspořádané slovníkové příručky české a světové literatury zachycuje období od r. 1900-1945.</marc:subfield></marc:datafield><marc:datafield tag="520" ind1="9" ind2=" "><marc:subfield code="a">Struktura druhého svazku chronologického literárního slovníku je totožná s prvním svazkem. Slovník uvádí ke každému roku data narození a úmrtí autorů, vydaná důležitá díla a události literárního života v širokém záběru. U jednotlivých autorů je uváděna příslušnost k národní literatuře a základní charakteristika usilující o maximální zevšeobecnění, dále je uváděna v nezpochybnitelných případech příslušnost k literárnímu směru, hnutí. Svazek rovněž obsahuje seznam všech zmiňovaných autorů a abecední seznam všech uváděných děl. Poslední část představují hesla, která odkazují k událostem v českém literárním dění - jde o propojení s první částí ve smyslu souběžnosti života autorů, vydávaných děl a dění v české literatuře. Jména autorů jsou uváděna tak, jak je uvádějí běžné slovníky, nezjistitelné údaje jsou vyznačeny otazníky. Předcházející a následující svazky literatury v datech mají uvedené časové rozložení: I: 1800-1899, II: 1900-1945, III: 1946-2000, IV: do roku 1800. X2+</marc:subfield></marc:datafield><marc:datafield tag="650" ind1=" " ind2="7"><marc:subfield code="a">česká literatura</marc:subfield><marc:subfield code="7">ph116858</marc:subfield><marc:subfield code="2">czenas</marc:subfield></marc:datafield><marc:datafield tag="650" ind1=" " ind2="7"><marc:subfield code="a">osobnosti</marc:subfield><marc:subfield code="7">ph115615</marc:subfield><marc:subfield code="2">czenas</marc:subfield></marc:datafield><marc:datafield tag="650" ind1=" " ind2="7"><marc:subfield code="a">spisovatelé</marc:subfield><marc:subfield code="7">ph125911</marc:subfield><marc:subfield code="2">czenas</marc:subfield></marc:datafield><marc:datafield tag="650" ind1=" " ind2="7"><marc:subfield code="a">světová literatura</marc:subfield><marc:subfield code="7">ph116360</marc:subfield><marc:subfield code="2">czenas</marc:subfield></marc:datafield><marc:datafield tag="655" ind1=" " ind2="7"><marc:subfield code="a">přehledy</marc:subfield><marc:subfield code="7">fd133202</marc:subfield><marc:subfield code="2">czenas</marc:subfield></marc:datafield><marc:datafield tag="900" ind1=" " ind2=" "><marc:subfield code="a">ABA100</marc:subfield><marc:subfield code="b">15</marc:subfield></marc:datafield><marc:datafield tag="910" ind1=" " ind2=" "><marc:subfield code="a">ABA007</marc:subfield><marc:subfield code="x">000176657</marc:subfield><marc:subfield code="w">l</marc:subfield></marc:datafield><marc:datafield tag="910" ind1=" " ind2=" "><marc:subfield code="a">ABA010</marc:subfield><marc:subfield code="x">kpw0115868</marc:subfield><marc:subfield code="w">l</marc:subfield></marc:datafield><marc:datafield tag="910" ind1=" " ind2=" "><marc:subfield code="a">ABA012</marc:subfield><marc:subfield code="x">kpw05116469</marc:subfield><marc:subfield code="w">l</marc:subfield></marc:datafield><marc:datafield tag="910" ind1=" " ind2=" "><marc:subfield code="a">ABB060</marc:subfield><marc:subfield code="x">001164429</marc:subfield><marc:subfield code="b">BR Příručka 1</marc:subfield><marc:subfield code="b">Příručka ČL/slovn.</marc:subfield><marc:subfield code="w">l</marc:subfield></marc:datafield><marc:datafield tag="910" ind1=" " ind2=" "><marc:subfield code="a">ABB083</marc:subfield><marc:subfield code="x">000383561</marc:subfield><marc:subfield code="b">VCDV/Ab</marc:subfield><marc:subfield code="w">l</marc:subfield></marc:datafield><marc:datafield tag="910" ind1=" " ind2=" "><marc:subfield code="a">ABD005</marc:subfield><marc:subfield code="x">000229834</marc:subfield><marc:subfield code="w">l</marc:subfield></marc:datafield><marc:datafield tag="910" ind1=" " ind2=" "><marc:subfield code="a">ABD103</marc:subfield><marc:subfield code="x">000229834</marc:subfield><marc:subfield code="w">l</marc:subfield></marc:datafield><marc:datafield tag="910" ind1=" " ind2=" "><marc:subfield code="a">ABG001</marc:subfield><marc:subfield code="x">2436500</marc:subfield><marc:subfield code="b">X 6554/2</marc:subfield><marc:subfield code="w">l</marc:subfield></marc:datafield><marc:datafield tag="910" ind1=" " ind2=" "><marc:subfield code="a">ABG503</marc:subfield><marc:subfield code="x">016340000127987</marc:subfield><marc:subfield code="w">l</marc:subfield></marc:datafield><marc:datafield tag="910" ind1=" " ind2=" "><marc:subfield code="a">BEG001</marc:subfield><marc:subfield code="x">37531</marc:subfield><marc:subfield code="w">l</marc:subfield></marc:datafield><marc:datafield tag="910" ind1=" " ind2=" "><marc:subfield code="a">BNG001</marc:subfield><marc:subfield code="x">016550000066431</marc:subfield><marc:subfield code="w">l</marc:subfield></marc:datafield><marc:datafield tag="910" ind1=" " ind2=" "><marc:subfield code="a">BOA001</marc:subfield><marc:subfield code="x">000755957</marc:subfield><marc:subfield code="b">1-1111.818,2</marc:subfield><marc:subfield code="w">l</marc:subfield></marc:datafield><marc:datafield tag="910" ind1=" " ind2=" "><marc:subfield code="a">BOB007</marc:subfield><marc:subfield code="x">000248755</marc:subfield><marc:subfield code="b">P-609/2</marc:subfield><marc:subfield code="w">l</marc:subfield></marc:datafield><marc:datafield tag="910" ind1=" " ind2=" "><marc:subfield code="a">BOD001</marc:subfield><marc:subfield code="x">000395677</marc:subfield><marc:subfield code="w">l</marc:subfield></marc:datafield><marc:datafield tag="910" ind1=" " ind2=" "><marc:subfield code="a">BOD003</marc:subfield><marc:subfield code="x">000395677</marc:subfield><marc:subfield code="w">l</marc:subfield></marc:datafield><marc:datafield tag="910" ind1=" " ind2=" "><marc:subfield code="a">CBA001</marc:subfield><marc:subfield code="x">m0045449</marc:subfield><marc:subfield code="w">l</marc:subfield></marc:datafield><marc:datafield tag="910" ind1=" " ind2=" "><marc:subfield code="a">CBD005</marc:subfield><marc:subfield code="x">000113926</marc:subfield><marc:subfield code="w">l</marc:subfield></marc:datafield><marc:datafield tag="910" ind1=" " ind2=" "><marc:subfield code="a">CBD007</marc:subfield><marc:subfield code="x">000053312</marc:subfield><marc:subfield code="w">l</marc:subfield></marc:datafield><marc:datafield tag="910" ind1=" " ind2=" "><marc:subfield code="a">CLG001</marc:subfield><marc:subfield code="x">001560000467324</marc:subfield><marc:subfield code="w">l</marc:subfield></marc:datafield><marc:datafield tag="910" ind1=" " ind2=" "><marc:subfield code="a">CRG001</marc:subfield><marc:subfield code="x">136531</marc:subfield><marc:subfield code="w">l</marc:subfield></marc:datafield><marc:datafield tag="910" ind1=" " ind2=" "><marc:subfield code="a">CVG001</marc:subfield><marc:subfield code="x">002140000477953</marc:subfield><marc:subfield code="w">l</marc:subfield></marc:datafield><marc:datafield tag="910" ind1=" " ind2=" "><marc:subfield code="a">DCG302</marc:subfield><marc:subfield code="x">002000001065712</marc:subfield><marc:subfield code="w">l</marc:subfield></marc:datafield><marc:datafield tag="910" ind1=" " ind2=" "><marc:subfield code="a">DCG501</marc:subfield><marc:subfield code="x">53199</marc:subfield><marc:subfield code="w">l</marc:subfield></marc:datafield><marc:datafield tag="910" ind1=" " ind2=" "><marc:subfield code="a">DCG503</marc:subfield><marc:subfield code="x">016430000259238</marc:subfield><marc:subfield code="w">l</marc:subfield></marc:datafield><marc:datafield tag="910" ind1=" " ind2=" "><marc:subfield code="a">FME301</marc:subfield><marc:subfield code="x">001190000094822</marc:subfield><marc:subfield code="w">l</marc:subfield></marc:datafield><marc:datafield tag="910" ind1=" " ind2=" "><marc:subfield code="a">FMG002</marc:subfield><marc:subfield code="x">001820000294617</marc:subfield><marc:subfield code="w">l</marc:subfield></marc:datafield><marc:datafield tag="910" ind1=" " ind2=" "><marc:subfield code="a">HOG001</marc:subfield><marc:subfield code="x">016880000060600</marc:subfield><marc:subfield code="w">l</marc:subfield></marc:datafield><marc:datafield tag="910" ind1=" " ind2=" "><marc:subfield code="a">JHG001</marc:subfield><marc:subfield code="x">016200001021835</marc:subfield><marc:subfield code="w">l</marc:subfield></marc:datafield><marc:datafield tag="910" ind1=" " ind2=" "><marc:subfield code="a">JIG001</marc:subfield><marc:subfield code="x">001870000523609</marc:subfield><marc:subfield code="w">l</marc:subfield></marc:datafield><marc:datafield tag="910" ind1=" " ind2=" "><marc:subfield code="a">JNG001</marc:subfield><marc:subfield code="x">168703</marc:subfield><marc:subfield code="w">l</marc:subfield></marc:datafield><marc:datafield tag="910" ind1=" " ind2=" "><marc:subfield code="a">KAG503</marc:subfield><marc:subfield code="x">32985</marc:subfield><marc:subfield code="w">l</marc:subfield></marc:datafield><marc:datafield tag="910" ind1=" " ind2=" "><marc:subfield code="a">KAG505</marc:subfield><marc:subfield code="x">358429</marc:subfield><marc:subfield code="w">l</marc:subfield></marc:datafield><marc:datafield tag="910" ind1=" " ind2=" "><marc:subfield code="a">KLG001</marc:subfield><marc:subfield code="x">0411785</marc:subfield><marc:subfield code="b">J 200270/II</marc:subfield><marc:subfield code="w">l</marc:subfield></marc:datafield><marc:datafield tag="910" ind1=" " ind2=" "><marc:subfield code="a">KMG001</marc:subfield><marc:subfield code="x">001580000062345</marc:subfield><marc:subfield code="w">l</marc:subfield></marc:datafield><marc:datafield tag="910" ind1=" " ind2=" "><marc:subfield code="a">KOG001</marc:subfield><marc:subfield code="x">001410000205909</marc:subfield><marc:subfield code="w">l</marc:subfield></marc:datafield><marc:datafield tag="910" ind1=" " ind2=" "><marc:subfield code="a">KTG001</marc:subfield><marc:subfield code="x">001270000117047</marc:subfield><marc:subfield code="w">l</marc:subfield></marc:datafield><marc:datafield tag="910" ind1=" " ind2=" "><marc:subfield code="a">KVG001</marc:subfield><marc:subfield code="x">016700002436612</marc:subfield><marc:subfield code="b">N 28034</marc:subfield><marc:subfield code="w">l</marc:subfield></marc:datafield><marc:datafield tag="910" ind1=" " ind2=" "><marc:subfield code="a">KVG503</marc:subfield><marc:subfield code="x">KN4222100000016809</marc:subfield><marc:subfield code="w">l</marc:subfield></marc:datafield><marc:datafield tag="910" ind1=" " ind2=" "><marc:subfield code="a">LIA001</marc:subfield><marc:subfield code="x">0034348</marc:subfield><marc:subfield code="b">A 168297/2</marc:subfield><marc:subfield code="w">l</marc:subfield></marc:datafield><marc:datafield tag="910" ind1=" " ind2=" "><marc:subfield code="a">LTG001</marc:subfield><marc:subfield code="x">36955</marc:subfield><marc:subfield code="w">l</marc:subfield></marc:datafield><marc:datafield tag="910" ind1=" " ind2=" "><marc:subfield code="a">MBG001</marc:subfield><marc:subfield code="x">kpm0199837</marc:subfield><marc:subfield code="w">l</marc:subfield></marc:datafield><marc:datafield tag="910" ind1=" " ind2=" "><marc:subfield code="a">MOG001</marc:subfield><marc:subfield code="x">001170000742186</marc:subfield><marc:subfield code="w">l</marc:subfield></marc:datafield><marc:datafield tag="910" ind1=" " ind2=" "><marc:subfield code="a">MOG501</marc:subfield><marc:subfield code="x">47144</marc:subfield><marc:subfield code="w">l</marc:subfield></marc:datafield><marc:datafield tag="910" ind1=" " ind2=" "><marc:subfield code="a">NBG001</marc:subfield><marc:subfield code="x">001390000052218</marc:subfield><marc:subfield code="w">l</marc:subfield></marc:datafield><marc:datafield tag="910" ind1=" " ind2=" "><marc:subfield code="a">NBG505</marc:subfield><marc:subfield code="x">001370000007045</marc:subfield><marc:subfield code="w">l</marc:subfield></marc:datafield><marc:datafield tag="910" ind1=" " ind2=" "><marc:subfield code="a">OLG001</marc:subfield><marc:subfield code="x">001800000922644</marc:subfield><marc:subfield code="w">l</marc:subfield></marc:datafield><marc:datafield tag="910" ind1=" " ind2=" "><marc:subfield code="a">OPD001</marc:subfield><marc:subfield code="x">016470000461178</marc:subfield><marc:subfield code="w">l</marc:subfield></marc:datafield><marc:datafield tag="910" ind1=" " ind2=" "><marc:subfield code="a">OPG001</marc:subfield><marc:subfield code="x">KN3183000000157062</marc:subfield><marc:subfield code="w">l</marc:subfield></marc:datafield><marc:datafield tag="910" ind1=" " ind2=" "><marc:subfield code="a">OSA001</marc:subfield><marc:subfield code="x">000065431</marc:subfield><marc:subfield code="b">13.093 G 2</marc:subfield><marc:subfield code="w">l</marc:subfield></marc:datafield><marc:datafield tag="910" ind1=" " ind2=" "><marc:subfield code="a">OSG002</marc:subfield><marc:subfield code="x">001070005400739</marc:subfield><marc:subfield code="b">2-603.330 II.</marc:subfield><marc:subfield code="w">l</marc:subfield></marc:datafield><marc:datafield tag="910" ind1=" " ind2=" "><marc:subfield code="a">PBG001</marc:subfield><marc:subfield code="x">016280000599614</marc:subfield><marc:subfield code="w">l</marc:subfield></marc:datafield><marc:datafield tag="910" ind1=" " ind2=" "><marc:subfield code="a">PBG501</marc:subfield><marc:subfield code="x">001060000867725</marc:subfield><marc:subfield code="w">l</marc:subfield></marc:datafield><marc:datafield tag="910" ind1=" " ind2=" "><marc:subfield code="a">PEG501</marc:subfield><marc:subfield code="x">017040000213762</marc:subfield><marc:subfield code="w">l</marc:subfield></marc:datafield><marc:datafield tag="910" ind1=" " ind2=" "><marc:subfield code="a">PNA001</marc:subfield><marc:subfield code="x">000033063</marc:subfield><marc:subfield code="b">31A97288-2</marc:subfield><marc:subfield code="w">l</marc:subfield></marc:datafield><marc:datafield tag="910" ind1=" " ind2=" "><marc:subfield code="a">PNG001</marc:subfield><marc:subfield code="x">001970000076852</marc:subfield><marc:subfield code="w">l</marc:subfield></marc:datafield><marc:datafield tag="910" ind1=" " ind2=" "><marc:subfield code="a">PRG001</marc:subfield><marc:subfield code="x">016270001338177</marc:subfield><marc:subfield code="w">l</marc:subfield></marc:datafield><marc:datafield tag="910" ind1=" " ind2=" "><marc:subfield code="a">PTG001</marc:subfield><marc:subfield code="x">KN4203000000126296</marc:subfield><marc:subfield code="w">l</marc:subfield></marc:datafield><marc:datafield tag="910" ind1=" " ind2=" "><marc:subfield code="a">PVG001</marc:subfield><marc:subfield code="x">24434</marc:subfield><marc:subfield code="w">l</marc:subfield></marc:datafield><marc:datafield tag="910" ind1=" " ind2=" "><marc:subfield code="a">STG001</marc:subfield><marc:subfield code="x">29665</marc:subfield><marc:subfield code="w">l</marc:subfield></marc:datafield><marc:datafield tag="910" ind1=" " ind2=" "><marc:subfield code="a">SVG502</marc:subfield><marc:subfield code="x">101774</marc:subfield><marc:subfield code="w">l</marc:subfield></marc:datafield><marc:datafield tag="910" ind1=" " ind2=" "><marc:subfield code="a">TPG001</marc:subfield><marc:subfield code="x">016690000674727</marc:subfield><marc:subfield code="w">l</marc:subfield></marc:datafield><marc:datafield tag="910" ind1=" " ind2=" "><marc:subfield code="a">TRG001</marc:subfield><marc:subfield code="x">016260000505767</marc:subfield><marc:subfield code="w">l</marc:subfield></marc:datafield><marc:datafield tag="910" ind1=" " ind2=" "><marc:subfield code="a">UHG001</marc:subfield><marc:subfield code="x">017440000708156</marc:subfield><marc:subfield code="b">821.162.3(091) BRO</marc:subfield><marc:subfield code="w">l</marc:subfield></marc:datafield><marc:datafield tag="910" ind1=" " ind2=" "><marc:subfield code="a">ULG001</marc:subfield><marc:subfield code="x">016020003134565</marc:subfield><marc:subfield code="b">N159438/II</marc:subfield><marc:subfield code="w">l</marc:subfield></marc:datafield><marc:datafield tag="910" ind1=" " ind2=" "><marc:subfield code="a">UOG502</marc:subfield><marc:subfield code="x">87035</marc:subfield><marc:subfield code="w">l</marc:subfield></marc:datafield><marc:datafield tag="910" ind1=" " ind2=" "><marc:subfield code="a">UOG507</marc:subfield><marc:subfield code="x">30936</marc:subfield><marc:subfield code="w">l</marc:subfield></marc:datafield><marc:datafield tag="910" ind1=" " ind2=" "><marc:subfield code="a">VSG502</marc:subfield><marc:subfield code="x">vsg_0183389</marc:subfield><marc:subfield code="w">l</marc:subfield></marc:datafield><marc:datafield tag="910" ind1=" " ind2=" "><marc:subfield code="a">VSG504</marc:subfield><marc:subfield code="x">vsg_0183389</marc:subfield><marc:subfield code="w">l</marc:subfield></marc:datafield><marc:datafield tag="910" ind1=" " ind2=" "><marc:subfield code="a">VSG508</marc:subfield><marc:subfield code="x">vsg_0183389</marc:subfield><marc:subfield code="w">l</marc:subfield></marc:datafield><marc:datafield tag="910" ind1=" " ind2=" "><marc:subfield code="a">ZLG001</marc:subfield><marc:subfield code="x">kpw01330813</marc:subfield><marc:subfield code="w">l</marc:subfield></marc:datafield><marc:datafield tag="911" ind1=" " ind2=" "><marc:subfield code="a">BOA001</marc:subfield><marc:subfield code="d">zdigitalizováno</marc:subfield><marc:subfield code="u">http://krameriusndk.mzk.cz/search/handle/uuid:e77c7420-958c-11e3-8e84-005056827e51</marc:subfield></marc:datafield><marc:datafield tag="998" ind1=" " ind2=" "><marc:subfield code="a">http://aleph.nkp.cz/F/?func=direct&amp;doc_number=002031743&amp;local_base=SKC</marc:subfield></marc:datafield></marc:record></metadata></record>