<record><header><identifier>oai:aleph-nkp.cz:SKC01-002159734</identifier><datestamp>2022-06-23T11:05:46Z</datestamp><setSpec>SKC</setSpec></header><metadata><marc:record xmlns:marc="http://www.loc.gov/MARC21/slim"
xmlns:xsi="http://www.w3.org/2001/XMLSchema-instance"
xsi:schemaLocation="http://www.loc.gov/MARC21/slim
http://www.loc.gov/standards/marcxml/schema/MARC21slim.xsd"><marc:leader>     nam a22      a 4500</marc:leader><marc:controlfield tag="001">000595257</marc:controlfield><marc:controlfield tag="003">CZ PrSKC</marc:controlfield><marc:controlfield tag="005">20120806084400.0</marc:controlfield><marc:controlfield tag="008">120801s2002    xo     e      ||| | cze  </marc:controlfield><marc:datafield tag="020" ind1=" " ind2=" "><marc:subfield code="a">80-88700-57-4</marc:subfield><marc:subfield code="q">(váz.)</marc:subfield></marc:datafield><marc:datafield tag="040" ind1=" " ind2=" "><marc:subfield code="a">PNA001</marc:subfield><marc:subfield code="b">cze</marc:subfield></marc:datafield><marc:datafield tag="041" ind1="1" ind2=" "><marc:subfield code="a">cze</marc:subfield><marc:subfield code="a">slo</marc:subfield><marc:subfield code="a">lat</marc:subfield><marc:subfield code="h">ger</marc:subfield></marc:datafield><marc:datafield tag="072" ind1=" " ind2="7"><marc:subfield code="a">636.09</marc:subfield><marc:subfield code="x">Veterinární lékařství</marc:subfield><marc:subfield code="2">Konspekt</marc:subfield><marc:subfield code="9">24</marc:subfield></marc:datafield><marc:datafield tag="072" ind1=" " ind2="7"><marc:subfield code="a">37.016</marc:subfield><marc:subfield code="x">Učební osnovy. Vyučovací předměty. Učebnice</marc:subfield><marc:subfield code="2">Konspekt</marc:subfield><marc:subfield code="9">22</marc:subfield></marc:datafield><marc:datafield tag="080" ind1=" " ind2=" "><marc:subfield code="a">599</marc:subfield><marc:subfield code="2">MRF</marc:subfield></marc:datafield><marc:datafield tag="080" ind1=" " ind2=" "><marc:subfield code="a">636.1/.9</marc:subfield><marc:subfield code="2">MRF</marc:subfield></marc:datafield><marc:datafield tag="080" ind1=" " ind2=" "><marc:subfield code="a">591.4</marc:subfield><marc:subfield code="2">MRF</marc:subfield></marc:datafield><marc:datafield tag="080" ind1=" " ind2=" "><marc:subfield code="a">(084.42)</marc:subfield><marc:subfield code="2">MRF</marc:subfield></marc:datafield><marc:datafield tag="080" ind1=" " ind2=" "><marc:subfield code="a">(075.8)</marc:subfield><marc:subfield code="2">MRF</marc:subfield></marc:datafield><marc:datafield tag="100" ind1="1" ind2=" "><marc:subfield code="a">König, Horst Erich,</marc:subfield><marc:subfield code="d">1940-</marc:subfield><marc:subfield code="7">xx0019657</marc:subfield><marc:subfield code="4">aut</marc:subfield></marc:datafield><marc:datafield tag="245" ind1="1" ind2="0"><marc:subfield code="a">Anatomie domácích savců.</marc:subfield><marc:subfield code="n">2. díl,</marc:subfield><marc:subfield code="p">Splanchnologie, cévní a nervová soustava =</marc:subfield><marc:subfield code="b">Anatómia domácich cicavcov.</marc:subfield><marc:subfield code="n">2. diel,</marc:subfield><marc:subfield code="p">Splanchnológia, cievny a nervový systém /</marc:subfield><marc:subfield code="c">König-Liebich</marc:subfield></marc:datafield><marc:datafield tag="246" ind1="3" ind2="0"><marc:subfield code="a">Splanchnologie, cévní a nervová soustava</marc:subfield></marc:datafield><marc:datafield tag="246" ind1="3" ind2="0"><marc:subfield code="a">Splanchnológia, cievny a nervový systém</marc:subfield></marc:datafield><marc:datafield tag="246" ind1="3" ind2="1"><marc:subfield code="a">Anatómia domácich cicavcov</marc:subfield></marc:datafield><marc:datafield tag="260" ind1=" " ind2=" "><marc:subfield code="a">Bratislava :</marc:subfield><marc:subfield code="b">H &amp; H,</marc:subfield><marc:subfield code="c">2002</marc:subfield></marc:datafield><marc:datafield tag="300" ind1=" " ind2=" "><marc:subfield code="a">xvi, 416 s. :</marc:subfield><marc:subfield code="b">il. ;</marc:subfield><marc:subfield code="c">30 cm</marc:subfield></marc:datafield><marc:datafield tag="500" ind1=" " ind2=" "><marc:subfield code="a">Poznámky</marc:subfield></marc:datafield><marc:datafield tag="500" ind1=" " ind2=" "><marc:subfield code="a">Přeloženo z němčiny</marc:subfield></marc:datafield><marc:datafield tag="500" ind1=" " ind2=" "><marc:subfield code="a">Česko-slovenské vydání</marc:subfield></marc:datafield><marc:datafield tag="500" ind1=" " ind2=" "><marc:subfield code="a">Obsahuje slovníček latinsko-česko-slovenský</marc:subfield></marc:datafield><marc:datafield tag="504" ind1=" " ind2=" "><marc:subfield code="a">Obsahuje bibliografii a rejstřík</marc:subfield></marc:datafield><marc:datafield tag="546" ind1=" " ind2=" "><marc:subfield code="a">Text česky, slovensky a latinsky</marc:subfield></marc:datafield><marc:datafield tag="550" ind1=" " ind2=" "><marc:subfield code="a">Vydavatel: Hajko &amp; Hajková</marc:subfield></marc:datafield><marc:datafield tag="650" ind1="0" ind2="7"><marc:subfield code="a">savci</marc:subfield><marc:subfield code="7">ph116109</marc:subfield><marc:subfield code="2">czenas</marc:subfield></marc:datafield><marc:datafield tag="650" ind1="0" ind2="7"><marc:subfield code="a">domácí zvířata</marc:subfield><marc:subfield code="7">ph114344</marc:subfield><marc:subfield code="2">czenas</marc:subfield></marc:datafield><marc:datafield tag="650" ind1="0" ind2="7"><marc:subfield code="a">veterinární anatomie</marc:subfield><marc:subfield code="7">ph127045</marc:subfield><marc:subfield code="2">czenas</marc:subfield></marc:datafield><marc:datafield tag="655" ind1=" " ind2="7"><marc:subfield code="a">atlasy</marc:subfield><marc:subfield code="7">fd131835</marc:subfield><marc:subfield code="2">czenas</marc:subfield></marc:datafield><marc:datafield tag="655" ind1=" " ind2="7"><marc:subfield code="a">učebnice</marc:subfield><marc:subfield code="7">fd133770</marc:subfield><marc:subfield code="2">czenas</marc:subfield></marc:datafield><marc:datafield tag="700" ind1="1" ind2=" "><marc:subfield code="a">Liebich, Hans-Georg,</marc:subfield><marc:subfield code="d">1942-</marc:subfield><marc:subfield code="7">xx0019658</marc:subfield><marc:subfield code="4">aut</marc:subfield></marc:datafield><marc:datafield tag="765" ind1="0" ind2=" "><marc:subfield code="t">Anatomie der Haussäugetiere</marc:subfield><marc:subfield code="9">Česky &amp; slovensky</marc:subfield></marc:datafield><marc:datafield tag="900" ind1=" " ind2=" "><marc:subfield code="a">PNA001</marc:subfield><marc:subfield code="b">16</marc:subfield></marc:datafield>

<marc:datafield tag="910" ind1=" " ind2=" ">
<marc:subfield code="a">BOA001</marc:subfield><marc:subfield code="x">kpw0114650</marc:subfield>
<marc:subfield code="w">l</marc:subfield></marc:datafield>

<marc:datafield tag="910" ind1=" " ind2=" ">
<marc:subfield code="a">KLG001</marc:subfield>
<marc:subfield code="x">000084868</marc:subfield><marc:subfield code="b">J 210764/II</marc:subfield><marc:subfield code="w">l</marc:subfield></marc:datafield><marc:datafield tag="910" ind1=" " ind2=" "><marc:subfield code="a">PNA001</marc:subfield><marc:subfield code="x">000595257</marc:subfield><marc:subfield code="b">32A15607-2</marc:subfield><marc:subfield code="w">l</marc:subfield></marc:datafield><marc:datafield tag="998" ind1=" " ind2=" "><marc:subfield code="a">http://aleph.nkp.cz/F/?func=direct&amp;doc_number=002159734&amp;local_base=SKC</marc:subfield></marc:datafield></marc:record></metadata></record>