<record><header><identifier>oai:aleph-nkp.cz:SKC01-002332562</identifier><datestamp>2022-06-23T11:05:53Z</datestamp><setSpec>SKC</setSpec></header><metadata><marc:record xmlns:marc="http://www.loc.gov/MARC21/slim"
xmlns:xsi="http://www.w3.org/2001/XMLSchema-instance"
xsi:schemaLocation="http://www.loc.gov/MARC21/slim
http://www.loc.gov/standards/marcxml/schema/MARC21slim.xsd"><marc:leader>     nam a22        4500</marc:leader><marc:controlfield tag="001">000052918</marc:controlfield><marc:controlfield tag="003">CZ PrSKC</marc:controlfield><marc:controlfield tag="005">20090316183609.0</marc:controlfield><marc:controlfield tag="007">ta</marc:controlfield><marc:controlfield tag="008">030529s2002    xr            ||| | cze  </marc:controlfield><marc:datafield tag="020" ind1=" " ind2=" "><marc:subfield code="q">(sešit)</marc:subfield></marc:datafield><marc:datafield tag="040" ind1=" " ind2=" "><marc:subfield code="a">ABD157</marc:subfield><marc:subfield code="b">cze</marc:subfield></marc:datafield><marc:datafield tag="080" ind1=" " ind2=" "><marc:subfield code="a">639.1</marc:subfield></marc:datafield><marc:datafield tag="080" ind1=" " ind2=" "><marc:subfield code="a">599</marc:subfield></marc:datafield><marc:datafield tag="100" ind1="1" ind2=" "><marc:subfield code="a">Havránek, F.</marc:subfield><marc:subfield code="q">(František)</marc:subfield><marc:subfield code="4">aut</marc:subfield></marc:datafield><marc:datafield tag="245" ind1="1" ind2="0"><marc:subfield code="a">Srnčí zvěř /</marc:subfield><marc:subfield code="c">F. Havránek, K. Bukovjan, J. Pintíř ; kresby J. Hošek</marc:subfield></marc:datafield><marc:datafield tag="260" ind1=" " ind2=" "><marc:subfield code="a">[Praha] :</marc:subfield><marc:subfield code="b">Ministerstvo zemědělství ČR,</marc:subfield><marc:subfield code="c">2002</marc:subfield></marc:datafield><marc:datafield tag="300" ind1=" " ind2=" "><marc:subfield code="a">40 s. :</marc:subfield><marc:subfield code="b">il., tab.</marc:subfield></marc:datafield><marc:datafield tag="650" ind1="0" ind2="7"><marc:subfield code="a">savci</marc:subfield><marc:subfield code="7">ph116109</marc:subfield><marc:subfield code="2">czenas</marc:subfield></marc:datafield><marc:datafield tag="650" ind1="0" ind2="7"><marc:subfield code="a">lovná zvěř</marc:subfield><marc:subfield code="7">ph115184</marc:subfield><marc:subfield code="2">czenas</marc:subfield></marc:datafield><marc:datafield tag="653" ind1="0" ind2=" "><marc:subfield code="a">srnec obecný</marc:subfield><marc:subfield code="a">ochrana srnčí zvěře</marc:subfield><marc:subfield code="a">onemocnění</marc:subfield><marc:subfield code="a">genetika</marc:subfield><marc:subfield code="a">biologie</marc:subfield></marc:datafield><marc:datafield tag="700" ind1="1" ind2=" "><marc:subfield code="a">Bukovjan, K.</marc:subfield><marc:subfield code="q">(Karel)</marc:subfield><marc:subfield code="4">aut</marc:subfield></marc:datafield><marc:datafield tag="700" ind1="1" ind2=" "><marc:subfield code="a">Pintíř, J.</marc:subfield><marc:subfield code="4">aut</marc:subfield></marc:datafield><marc:datafield tag="700" ind1="1" ind2=" "><marc:subfield code="a">Hošek, Jan,</marc:subfield><marc:subfield code="d">1961-</marc:subfield><marc:subfield code="7">jn20001005360</marc:subfield><marc:subfield code="4">ill</marc:subfield></marc:datafield><marc:datafield tag="710" ind1="1" ind2=" "><marc:subfield code="a">Česko.</marc:subfield><marc:subfield code="b">Ministerstvo zemědělství</marc:subfield><marc:subfield code="7">kn20010725025</marc:subfield></marc:datafield><marc:datafield tag="900" ind1=" " ind2=" "><marc:subfield code="a">ABD157</marc:subfield><marc:subfield code="b">14</marc:subfield></marc:datafield><marc:datafield tag="910" ind1=" " ind2=" "><marc:subfield code="a">ABA009</marc:subfield><marc:subfield code="x">uzp000087621</marc:subfield><marc:subfield code="b">E49413</marc:subfield><marc:subfield code="w">l</marc:subfield></marc:datafield><marc:datafield tag="910" ind1=" " ind2=" "><marc:subfield code="a">ABC023</marc:subfield><marc:subfield code="b">MB 001500</marc:subfield><marc:subfield code="p">Dokument převzat ze zrušené knihovny MŽP ČR</marc:subfield></marc:datafield><marc:datafield tag="910" ind1=" " ind2=" "><marc:subfield code="a">ABD157</marc:subfield><marc:subfield code="x">000052918</marc:subfield><marc:subfield code="w">l</marc:subfield></marc:datafield><marc:datafield tag="998" ind1=" " ind2=" "><marc:subfield code="a">http://aleph.nkp.cz/F/?func=direct&amp;doc_number=002332562&amp;local_base=SKC</marc:subfield></marc:datafield></marc:record></metadata></record>