<record><header><identifier>oai:aleph-nkp.cz:SKC01-002331479</identifier><datestamp>2022-06-23T11:05:57Z</datestamp><setSpec>SKC</setSpec></header><metadata><marc:record xmlns:marc="http://www.loc.gov/MARC21/slim"
xmlns:xsi="http://www.w3.org/2001/XMLSchema-instance"
xsi:schemaLocation="http://www.loc.gov/MARC21/slim
http://www.loc.gov/standards/marcxml/schema/MARC21slim.xsd"><marc:leader>     nam a22        4500</marc:leader><marc:controlfield tag="001">000060634</marc:controlfield><marc:controlfield tag="003">CZ PrSKC</marc:controlfield><marc:controlfield tag="005">20041008101107.0</marc:controlfield><marc:controlfield tag="007">ta</marc:controlfield><marc:controlfield tag="008">041008s1983    xxu           ||| | eng  </marc:controlfield><marc:datafield tag="020" ind1=" " ind2=" "><marc:subfield code="a">0-226-19538-4</marc:subfield></marc:datafield><marc:datafield tag="040" ind1=" " ind2=" "><marc:subfield code="a">ABD046</marc:subfield><marc:subfield code="b">cze</marc:subfield></marc:datafield><marc:datafield tag="080" ind1=" " ind2=" "><marc:subfield code="a">599</marc:subfield></marc:datafield><marc:datafield tag="100" ind1="1" ind2=" "><marc:subfield code="a">Eisenberg, John F.</marc:subfield><marc:subfield code="4">aut</marc:subfield></marc:datafield><marc:datafield tag="245" ind1="1" ind2="4"><marc:subfield code="a">The mammalian radiations :</marc:subfield><marc:subfield code="b">&lt;&lt;an &gt;&gt;analysis of trends in evolution, adaptation, and behavior /</marc:subfield><marc:subfield code="c">John F. Eisenberg</marc:subfield></marc:datafield><marc:datafield tag="260" ind1=" " ind2=" "><marc:subfield code="a">Chicago :</marc:subfield><marc:subfield code="b">University of Chicago Press,</marc:subfield><marc:subfield code="c">1983</marc:subfield></marc:datafield><marc:datafield tag="300" ind1=" " ind2=" "><marc:subfield code="a">610 s.</marc:subfield></marc:datafield><marc:datafield tag="650" ind1="0" ind2="7"><marc:subfield code="a">savci</marc:subfield><marc:subfield code="7">ph116109</marc:subfield><marc:subfield code="2">czenas</marc:subfield></marc:datafield><marc:datafield tag="653" ind1="0" ind2=" "><marc:subfield code="a">mammalogie</marc:subfield><marc:subfield code="a">paleontologie</marc:subfield><marc:subfield code="a">evoluce</marc:subfield><marc:subfield code="a">fylogeneze</marc:subfield><marc:subfield code="a">adaptace</marc:subfield></marc:datafield><marc:datafield tag="900" ind1=" " ind2=" "><marc:subfield code="a">ABD046</marc:subfield><marc:subfield code="b">13</marc:subfield></marc:datafield><marc:datafield tag="910" ind1=" " ind2=" "><marc:subfield code="a">ABD046</marc:subfield><marc:subfield code="x">000060634</marc:subfield><marc:subfield code="w">l</marc:subfield></marc:datafield><marc:datafield tag="998" ind1=" " ind2=" "><marc:subfield code="a">http://aleph.nkp.cz/F/?func=direct&amp;doc_number=002331479&amp;local_base=SKC</marc:subfield></marc:datafield></marc:record></metadata></record>