<record><header><identifier>oai:aleph-nkp.cz:SKC01-002397704</identifier><datestamp>2022-06-23T11:05:57Z</datestamp><setSpec>SKC</setSpec></header><metadata><marc:record xmlns:marc="http://www.loc.gov/MARC21/slim"
xmlns:xsi="http://www.w3.org/2001/XMLSchema-instance"
xsi:schemaLocation="http://www.loc.gov/MARC21/slim
http://www.loc.gov/standards/marcxml/schema/MARC21slim.xsd"><marc:leader>     nam a22        4500</marc:leader><marc:controlfield tag="001">000356695</marc:controlfield><marc:controlfield tag="003">CZ PrSKC</marc:controlfield><marc:controlfield tag="005">20060103094927.0</marc:controlfield><marc:controlfield tag="007">ta</marc:controlfield><marc:controlfield tag="008">030106s2000    at     f      000 0 eng d</marc:controlfield><marc:datafield tag="020" ind1=" " ind2=" "><marc:subfield code="a">0-03-025034-X</marc:subfield></marc:datafield><marc:datafield tag="040" ind1=" " ind2=" "><marc:subfield code="a">ABD046</marc:subfield><marc:subfield code="b">cze</marc:subfield><marc:subfield code="c">ABD046</marc:subfield><marc:subfield code="9">1</marc:subfield></marc:datafield><marc:datafield tag="080" ind1=" " ind2=" "><marc:subfield code="a">599</marc:subfield></marc:datafield><marc:datafield tag="100" ind1="1" ind2=" "><marc:subfield code="a">Vaughan, Terry A.</marc:subfield><marc:subfield code="4">aut</marc:subfield></marc:datafield><marc:datafield tag="245" ind1="1" ind2="0"><marc:subfield code="a">Mammalogy /</marc:subfield><marc:subfield code="c">Terry A. Vaughan, James M. Ryan and Nicholas J. Czaplewski</marc:subfield></marc:datafield><marc:datafield tag="250" ind1=" " ind2=" "><marc:subfield code="a">4th ed.</marc:subfield></marc:datafield><marc:datafield tag="260" ind1=" " ind2=" "><marc:subfield code="a">South Melbourne :</marc:subfield><marc:subfield code="b">Thomson,</marc:subfield><marc:subfield code="c">2000</marc:subfield></marc:datafield><marc:datafield tag="300" ind1=" " ind2=" "><marc:subfield code="a">ix, 565 s. ;</marc:subfield><marc:subfield code="c">il.</marc:subfield></marc:datafield><marc:datafield tag="650" ind1="0" ind2="7"><marc:subfield code="a">savci</marc:subfield><marc:subfield code="7">ph116109</marc:subfield><marc:subfield code="2">czenas</marc:subfield></marc:datafield><marc:datafield tag="653" ind1="0" ind2=" "><marc:subfield code="a">mammalogie</marc:subfield></marc:datafield><marc:datafield tag="700" ind1="1" ind2=" "><marc:subfield code="a">Ryan, James M.</marc:subfield><marc:subfield code="4">aut</marc:subfield></marc:datafield><marc:datafield tag="700" ind1="1" ind2=" "><marc:subfield code="a">Czaplewski, Nicholas J.</marc:subfield><marc:subfield code="4">aut</marc:subfield></marc:datafield><marc:datafield tag="900" ind1=" " ind2=" "><marc:subfield code="a">ABD046</marc:subfield><marc:subfield code="b">13</marc:subfield></marc:datafield><marc:datafield tag="910" ind1=" " ind2=" "><marc:subfield code="a">ABD046</marc:subfield><marc:subfield code="x">000356695</marc:subfield><marc:subfield code="w">l</marc:subfield></marc:datafield><marc:datafield tag="910" ind1=" " ind2=" "><marc:subfield code="a">CBD007</marc:subfield><marc:subfield code="x">000146163</marc:subfield><marc:subfield code="w">l</marc:subfield></marc:datafield><marc:datafield tag="998" ind1=" " ind2=" "><marc:subfield code="a">http://aleph.nkp.cz/F/?func=direct&amp;doc_number=002397704&amp;local_base=SKC</marc:subfield></marc:datafield></marc:record></metadata></record>