<record><header><identifier>oai:aleph-nkp.cz:SKC01-002449668</identifier><datestamp>2022-06-23T11:05:59Z</datestamp><setSpec>SKC</setSpec></header><metadata><marc:record xmlns:marc="http://www.loc.gov/MARC21/slim"
xmlns:xsi="http://www.w3.org/2001/XMLSchema-instance"
xsi:schemaLocation="http://www.loc.gov/MARC21/slim
http://www.loc.gov/standards/marcxml/schema/MARC21slim.xsd"><marc:leader>     nam a22     7a 4500</marc:leader><marc:controlfield tag="001">000396091</marc:controlfield><marc:controlfield tag="003">CZ PrSKC</marc:controlfield><marc:controlfield tag="005">20171007170637.0</marc:controlfield><marc:controlfield tag="007">ta</marc:controlfield><marc:controlfield tag="008">060310s1987    ne     f     |||| 0 eng d</marc:controlfield><marc:datafield tag="020" ind1=" " ind2=" "><marc:subfield code="a">0-444-80889-2</marc:subfield><marc:subfield code="q">(váz.)</marc:subfield></marc:datafield><marc:datafield tag="040" ind1=" " ind2=" "><marc:subfield code="a">ABD046</marc:subfield><marc:subfield code="b">cze</marc:subfield><marc:subfield code="c">ABD046</marc:subfield><marc:subfield code="9">1</marc:subfield></marc:datafield><marc:datafield tag="080" ind1=" " ind2=" "><marc:subfield code="a">575.18</marc:subfield><marc:subfield code="2">MRF</marc:subfield></marc:datafield><marc:datafield tag="245" ind1="0" ind2="0"><marc:subfield code="a">Mammalian ectoenzymes /</marc:subfield><marc:subfield code="c">editors A.J. Kenny and A.J. Turner</marc:subfield></marc:datafield><marc:datafield tag="260" ind1=" " ind2=" "><marc:subfield code="a">Amsterdam :</marc:subfield><marc:subfield code="b">Elsevier,</marc:subfield><marc:subfield code="c">1987</marc:subfield></marc:datafield><marc:datafield tag="300" ind1=" " ind2=" "><marc:subfield code="a">xvii, 359 s. :</marc:subfield><marc:subfield code="b">il., tab.</marc:subfield></marc:datafield><marc:datafield tag="490" ind1="1" ind2=" "><marc:subfield code="a">Research monographs in cell and tissue physiology ;</marc:subfield><marc:subfield code="v">vol. 14</marc:subfield></marc:datafield><marc:datafield tag="504" ind1=" " ind2=" "><marc:subfield code="a">Obsahuje bibliografické odkazy a rejstřík</marc:subfield></marc:datafield><marc:datafield tag="650" ind1="0" ind2="4"><marc:subfield code="a">mimobuněčné enzymy</marc:subfield></marc:datafield><marc:datafield tag="650" ind1="0" ind2="4"><marc:subfield code="a">histologie buňky</marc:subfield></marc:datafield><marc:datafield tag="650" ind1="0" ind2="7"><marc:subfield code="a">savci</marc:subfield><marc:subfield code="7">ph116109</marc:subfield><marc:subfield code="2">czenas</marc:subfield></marc:datafield><marc:datafield tag="653" ind1="0" ind2=" "><marc:subfield code="a">ectoenzymy</marc:subfield></marc:datafield><marc:datafield tag="700" ind1="1" ind2=" "><marc:subfield code="a">Kenny, A. John</marc:subfield><marc:subfield code="4">edt</marc:subfield></marc:datafield><marc:datafield tag="700" ind1="1" ind2=" "><marc:subfield code="a">Turner, A. J.</marc:subfield><marc:subfield code="q">(Anthony John),</marc:subfield><marc:subfield code="d">1947-</marc:subfield><marc:subfield code="7">nlk20050163835</marc:subfield><marc:subfield code="4">edt</marc:subfield></marc:datafield><marc:datafield tag="830" ind1=" " ind2="0"><marc:subfield code="a">Research monographs in cell and tissue physiology</marc:subfield></marc:datafield><marc:datafield tag="900" ind1=" " ind2=" "><marc:subfield code="a">ABD046</marc:subfield><marc:subfield code="b">13</marc:subfield></marc:datafield><marc:datafield tag="910" ind1=" " ind2=" "><marc:subfield code="a">ABD006</marc:subfield><marc:subfield code="x">000613028</marc:subfield><marc:subfield code="w">l</marc:subfield></marc:datafield><marc:datafield tag="910" ind1=" " ind2=" "><marc:subfield code="a">ABD046</marc:subfield><marc:subfield code="x">000396091</marc:subfield><marc:subfield code="w">l</marc:subfield></marc:datafield><marc:datafield tag="998" ind1=" " ind2=" "><marc:subfield code="a">http://aleph.nkp.cz/F/?func=direct&amp;doc_number=002449668&amp;local_base=SKC</marc:subfield></marc:datafield></marc:record></metadata></record>