<record><header><identifier>oai:aleph-nkp.cz:SKC01-002693349</identifier><datestamp>2022-06-23T11:06:02Z</datestamp><setSpec>SKC</setSpec></header><metadata><marc:record xmlns:marc="http://www.loc.gov/MARC21/slim"
xmlns:xsi="http://www.w3.org/2001/XMLSchema-instance"
xsi:schemaLocation="http://www.loc.gov/MARC21/slim
http://www.loc.gov/standards/marcxml/schema/MARC21slim.xsd"><marc:leader>     cam a22     7a 4500</marc:leader><marc:controlfield tag="001">001621992</marc:controlfield><marc:controlfield tag="003">CZ PrSKC</marc:controlfield><marc:controlfield tag="005">20130927122611.0</marc:controlfield><marc:controlfield tag="007">ta</marc:controlfield><marc:controlfield tag="008">130927s1964    ru     f     |||| 0 rusod</marc:controlfield><marc:datafield tag="020" ind1=" " ind2=" "><marc:subfield code="q">(Brož.)</marc:subfield></marc:datafield><marc:datafield tag="040" ind1=" " ind2=" "><marc:subfield code="a">OSA001</marc:subfield><marc:subfield code="b">cze</marc:subfield><marc:subfield code="d">ABD046</marc:subfield></marc:datafield><marc:datafield tag="041" ind1="1" ind2=" "><marc:subfield code="a">rus</marc:subfield><marc:subfield code="h">ger</marc:subfield></marc:datafield><marc:datafield tag="072" ind1=" " ind2="7"><marc:subfield code="a">59</marc:subfield><marc:subfield code="x">Zoologie</marc:subfield><marc:subfield code="2">Konspekt</marc:subfield><marc:subfield code="9">2</marc:subfield></marc:datafield><marc:datafield tag="080" ind1=" " ind2=" "><marc:subfield code="a">599</marc:subfield><marc:subfield code="2">MRF</marc:subfield></marc:datafield><marc:datafield tag="080" ind1=" " ind2=" "><marc:subfield code="a">599.61</marc:subfield><marc:subfield code="2">MRF</marc:subfield></marc:datafield><marc:datafield tag="100" ind1="1" ind2=" "><marc:subfield code="a">Bauer, Hans,</marc:subfield><marc:subfield code="d">1894-1982</marc:subfield><marc:subfield code="7">jn20030910001</marc:subfield><marc:subfield code="4">aut</marc:subfield></marc:datafield><marc:datafield tag="245" ind1="1" ind2="0"><marc:subfield code="a">Kniga o slonach /</marc:subfield><marc:subfield code="c">G. Bauer ; [perevod s nemeckogo I.N. Grigor&apos;jeva]</marc:subfield></marc:datafield><marc:datafield tag="250" ind1=" " ind2=" "><marc:subfield code="a">Izd. vtoroje, ispravlennoje</marc:subfield></marc:datafield><marc:datafield tag="260" ind1=" " ind2=" "><marc:subfield code="a">Moskva :</marc:subfield><marc:subfield code="b">Mysl&apos;,</marc:subfield><marc:subfield code="c">1964</marc:subfield></marc:datafield><marc:datafield tag="300" ind1=" " ind2=" "><marc:subfield code="a">159 s. :</marc:subfield><marc:subfield code="b">il. ;</marc:subfield><marc:subfield code="c">20 cm</marc:subfield></marc:datafield><marc:datafield tag="490" ind1="1" ind2=" "><marc:subfield code="a">Rasskazy o prirode</marc:subfield></marc:datafield><marc:datafield tag="650" ind1="0" ind2="7"><marc:subfield code="a">savci</marc:subfield><marc:subfield code="7">ph116109</marc:subfield><marc:subfield code="2">czenas</marc:subfield></marc:datafield><marc:datafield tag="650" ind1="0" ind2="7"><marc:subfield code="a">slonovití</marc:subfield><marc:subfield code="7">ph116181</marc:subfield><marc:subfield code="2">czenas</marc:subfield></marc:datafield><marc:datafield tag="700" ind1="1" ind2=" "><marc:subfield code="a">Grigor&apos;jeva, I. N.</marc:subfield><marc:subfield code="4">trl</marc:subfield></marc:datafield><marc:datafield tag="765" ind1="0" ind2=" "><marc:subfield code="t">Das Elefantenbuch</marc:subfield><marc:subfield code="9">Rusky</marc:subfield></marc:datafield><marc:datafield tag="830" ind1=" " ind2="0"><marc:subfield code="a">Rasskazy o prirode</marc:subfield></marc:datafield><marc:datafield tag="900" ind1=" " ind2=" "><marc:subfield code="a">ABD046</marc:subfield><marc:subfield code="b">15</marc:subfield></marc:datafield><marc:datafield tag="910" ind1=" " ind2=" "><marc:subfield code="a">ABD046</marc:subfield><marc:subfield code="x">001621992</marc:subfield><marc:subfield code="w">l</marc:subfield></marc:datafield><marc:datafield tag="910" ind1=" " ind2=" "><marc:subfield code="a">OSA001</marc:subfield><marc:subfield code="x">000148212</marc:subfield><marc:subfield code="b">G 59.109</marc:subfield><marc:subfield code="w">l</marc:subfield></marc:datafield><marc:datafield tag="998" ind1=" " ind2=" "><marc:subfield code="a">http://aleph.nkp.cz/F/?func=direct&amp;doc_number=002693349&amp;local_base=SKC</marc:subfield></marc:datafield></marc:record></metadata></record>