<record><header><identifier>oai:aleph-nkp.cz:SKC01-000890002</identifier><datestamp>2022-06-23T11:06:06Z</datestamp><setSpec>SKC</setSpec></header><metadata><marc:record xmlns:marc="http://www.loc.gov/MARC21/slim"
xmlns:xsi="http://www.w3.org/2001/XMLSchema-instance"
xsi:schemaLocation="http://www.loc.gov/MARC21/slim
http://www.loc.gov/standards/marcxml/schema/MARC21slim.xsd"><marc:leader>     cam a22     7a 4500</marc:leader><marc:controlfield tag="001">000232015</marc:controlfield><marc:controlfield tag="003">CZ PrSKC</marc:controlfield><marc:controlfield tag="005">20220623130448.0</marc:controlfield><marc:controlfield tag="007">ta</marc:controlfield><marc:controlfield tag="008">971119s1990    xr |||||r|||||||| ||cze|d</marc:controlfield><marc:datafield tag="015" ind1=" " ind2=" "><marc:subfield code="a">cnb000054155</marc:subfield></marc:datafield><marc:datafield tag="020" ind1=" " ind2=" "><marc:subfield code="a">80-7066-062-7</marc:subfield></marc:datafield><marc:datafield tag="035" ind1=" " ind2=" "><marc:subfield code="a">(OCoLC)39420088</marc:subfield></marc:datafield><marc:datafield tag="040" ind1=" " ind2=" "><marc:subfield code="a">ABD005</marc:subfield><marc:subfield code="b">cze</marc:subfield><marc:subfield code="c">ABD005</marc:subfield><marc:subfield code="d">ABD005</marc:subfield></marc:datafield><marc:datafield tag="080" ind1=" " ind2=" "><marc:subfield code="a">372.874(075.8)</marc:subfield></marc:datafield><marc:datafield tag="100" ind1="1" ind2=" "><marc:subfield code="a">Lamserová-Dlabačová, Jana,</marc:subfield><marc:subfield code="d">1938-</marc:subfield><marc:subfield code="7">xx0035870</marc:subfield><marc:subfield code="4">aut</marc:subfield></marc:datafield><marc:datafield tag="245" ind1="1" ind2="0"><marc:subfield code="a">Didaktika výtvarné výchovy.</marc:subfield><marc:subfield code="n">IV,</marc:subfield><marc:subfield code="p">Výtvarný projev dospívající mládeže /</marc:subfield><marc:subfield code="c">Jana Lamserová ; Univerzita Karlova v Praze, Fakulta pedagogická</marc:subfield></marc:datafield><marc:datafield tag="250" ind1=" " ind2=" "><marc:subfield code="a">1. vyd.</marc:subfield></marc:datafield><marc:datafield tag="260" ind1=" " ind2=" "><marc:subfield code="a">Praha :</marc:subfield><marc:subfield code="b">Státní pedagogické nakladatelství,</marc:subfield><marc:subfield code="c">1990</marc:subfield></marc:datafield><marc:datafield tag="300" ind1=" " ind2=" "><marc:subfield code="a">85 s.</marc:subfield></marc:datafield><marc:datafield tag="504" ind1=" " ind2=" "><marc:subfield code="a">Bibliogr.</marc:subfield></marc:datafield><marc:datafield tag="650" ind1="0" ind2="4"><marc:subfield code="a">didaktika výtvarné výchovy</marc:subfield></marc:datafield><marc:datafield tag="650" ind1="0" ind2="4"><marc:subfield code="a">výchova a vzdělávání dospívajících</marc:subfield></marc:datafield><marc:datafield tag="650" ind1="0" ind2="4"><marc:subfield code="a">výtvarná výchova, učebnice pro VŠ</marc:subfield></marc:datafield><marc:datafield tag="655" ind1=" " ind2="7"><marc:subfield code="a">vysokoškolská skripta</marc:subfield><marc:subfield code="7">fd190824</marc:subfield><marc:subfield code="2">czenas</marc:subfield></marc:datafield><marc:datafield tag="710" ind1="2" ind2=" "><marc:subfield code="a">Univerzita Karlova.</marc:subfield><marc:subfield code="b">Pedagogická fakulta</marc:subfield></marc:datafield><marc:datafield tag="900" ind1=" " ind2=" "><marc:subfield code="a">ABD005</marc:subfield><marc:subfield code="b">14</marc:subfield></marc:datafield><marc:datafield tag="910" ind1=" " ind2=" "><marc:subfield code="a">ABA001</marc:subfield><marc:subfield code="x">ck9004129</marc:subfield><marc:subfield code="b">SF I 094253</marc:subfield><marc:subfield code="b">SF I 094254</marc:subfield><marc:subfield code="b">SF I 094255</marc:subfield><marc:subfield code="b">SF I 094257</marc:subfield><marc:subfield code="w">l</marc:subfield></marc:datafield><marc:datafield tag="910" ind1=" " ind2=" "><marc:subfield code="a">ABA012</marc:subfield><marc:subfield code="x">kpw05121639</marc:subfield><marc:subfield code="w">l</marc:subfield></marc:datafield><marc:datafield tag="910" ind1=" " ind2=" "><marc:subfield code="a">ABD005</marc:subfield><marc:subfield code="x">000232015</marc:subfield><marc:subfield code="w">l</marc:subfield></marc:datafield><marc:datafield tag="910" ind1=" " ind2=" "><marc:subfield code="a">BOA001</marc:subfield><marc:subfield code="x">000084868</marc:subfield><marc:subfield code="b">4-0975.153</marc:subfield><marc:subfield code="b">PK-N-0028.617</marc:subfield><marc:subfield code="w">l</marc:subfield></marc:datafield><marc:datafield tag="910" ind1=" " ind2=" "><marc:subfield code="a">CBA001</marc:subfield><marc:subfield code="x">m0059861</marc:subfield><marc:subfield code="w">l</marc:subfield></marc:datafield><marc:datafield tag="910" ind1=" " ind2=" "><marc:subfield code="a">LIA001</marc:subfield><marc:subfield code="x">c097516</marc:subfield><marc:subfield code="b">B 33105/4</marc:subfield><marc:subfield code="w">l</marc:subfield></marc:datafield><marc:datafield tag="910" ind1=" " ind2=" "><marc:subfield code="a">OLA001</marc:subfield><marc:subfield code="x">vkol000361362</marc:subfield><marc:subfield code="b">S II 820.729</marc:subfield><marc:subfield code="w">l</marc:subfield></marc:datafield><marc:datafield tag="910" ind1=" " ind2=" "><marc:subfield code="a">OSA001</marc:subfield><marc:subfield code="x">000079598</marc:subfield><marc:subfield code="b">H 43.489</marc:subfield><marc:subfield code="w">l</marc:subfield></marc:datafield><marc:datafield tag="910" ind1=" " ind2=" "><marc:subfield code="a">ULG001</marc:subfield><marc:subfield code="x">016020003146770</marc:subfield><marc:subfield code="b">IN56189/IV</marc:subfield><marc:subfield code="w">l</marc:subfield></marc:datafield><marc:datafield tag="911" ind1=" " ind2=" "><marc:subfield code="a">ABA001</marc:subfield><marc:subfield code="d">zdigitalizováno</marc:subfield><marc:subfield code="u">http://krameriusndk.nkp.cz/search/handle/uuid:b1745180-9fc9-11e3-a744-005056827e52</marc:subfield></marc:datafield><marc:datafield tag="911" ind1=" " ind2=" "><marc:subfield code="a">BOA001</marc:subfield><marc:subfield code="d">zdigitalizováno</marc:subfield><marc:subfield code="u">http://krameriusndk.mzk.cz/search/handle/uuid:b1745180-9fc9-11e3-a744-005056827e52</marc:subfield></marc:datafield><marc:datafield tag="998" ind1=" " ind2=" "><marc:subfield code="a">http://aleph.nkp.cz/F/?func=direct&amp;doc_number=000890002&amp;local_base=SKC</marc:subfield></marc:datafield></marc:record></metadata></record>