<record><header><identifier>oai:aleph-nkp.cz:SKC01-003049254</identifier><datestamp>2022-06-23T11:06:20Z</datestamp><setSpec>SKC</setSpec></header><metadata><marc:record xmlns:marc="http://www.loc.gov/MARC21/slim"
xmlns:xsi="http://www.w3.org/2001/XMLSchema-instance"
xsi:schemaLocation="http://www.loc.gov/MARC21/slim
http://www.loc.gov/standards/marcxml/schema/MARC21slim.xsd"><marc:leader>     cam a22     7a 4500</marc:leader><marc:controlfield tag="001">000233143</marc:controlfield><marc:controlfield tag="003">CZ PrSKC</marc:controlfield><marc:controlfield tag="005">20020125000000.0</marc:controlfield><marc:controlfield tag="007">ta</marc:controlfield><marc:controlfield tag="008">980709s1964    fr |||||r|||||||| ||fre|d</marc:controlfield><marc:datafield tag="040" ind1=" " ind2=" "><marc:subfield code="a">ABD005</marc:subfield><marc:subfield code="b">cze</marc:subfield><marc:subfield code="c">ABD005</marc:subfield><marc:subfield code="d">ABD005</marc:subfield></marc:datafield><marc:datafield tag="245" ind1="0" ind2="0"><marc:subfield code="a">Encyclopédie du monde animal.</marc:subfield><marc:subfield code="n">Tome 3,</marc:subfield><marc:subfield code="p">Poissons, invertébrés</marc:subfield></marc:datafield><marc:datafield tag="260" ind1=" " ind2=" "><marc:subfield code="a">Paris :</marc:subfield><marc:subfield code="b">Aristide Quillet,</marc:subfield><marc:subfield code="c">1964</marc:subfield></marc:datafield><marc:datafield tag="300" ind1=" " ind2=" "><marc:subfield code="a">558 s. :</marc:subfield><marc:subfield code="b">obr., fot.</marc:subfield></marc:datafield><marc:datafield tag="650" ind1="0" ind2="4"><marc:subfield code="a">francouzština, slovníky</marc:subfield></marc:datafield><marc:datafield tag="650" ind1="0" ind2="7"><marc:subfield code="a">savci</marc:subfield><marc:subfield code="7">ph116109</marc:subfield><marc:subfield code="2">czenas</marc:subfield></marc:datafield><marc:datafield tag="650" ind1="0" ind2="4"><marc:subfield code="a">atlasy živočichů</marc:subfield></marc:datafield><marc:datafield tag="655" ind1=" " ind2="7"><marc:subfield code="a">encyklopedie</marc:subfield><marc:subfield code="7">fd132201</marc:subfield><marc:subfield code="2">czenas</marc:subfield></marc:datafield><marc:datafield tag="900" ind1=" " ind2=" "><marc:subfield code="a">ABD005</marc:subfield><marc:subfield code="b">11</marc:subfield></marc:datafield><marc:datafield tag="910" ind1=" " ind2=" "><marc:subfield code="a">ABD005</marc:subfield><marc:subfield code="x">000233143</marc:subfield><marc:subfield code="w">l</marc:subfield></marc:datafield><marc:datafield tag="998" ind1=" " ind2=" "><marc:subfield code="a">http://aleph.nkp.cz/F/?func=direct&amp;doc_number=003049254&amp;local_base=SKC</marc:subfield></marc:datafield></marc:record></metadata></record>