<record><header><identifier>oai:aleph-nkp.cz:SKC01-003311001</identifier><datestamp>2022-06-23T11:06:28Z</datestamp><setSpec>SKC</setSpec></header><metadata><marc:record xmlns:marc="http://www.loc.gov/MARC21/slim"
xmlns:xsi="http://www.w3.org/2001/XMLSchema-instance"
xsi:schemaLocation="http://www.loc.gov/MARC21/slim
http://www.loc.gov/standards/marcxml/schema/MARC21slim.xsd"><marc:leader>     nam a22        4500</marc:leader><marc:controlfield tag="001">016020003218451</marc:controlfield><marc:controlfield tag="003">CZ PrSKC</marc:controlfield><marc:controlfield tag="005">20070921101928.0</marc:controlfield><marc:controlfield tag="008">050302s2003    xr |||||||||||000 0|cze d</marc:controlfield><marc:datafield tag="040" ind1=" " ind2=" "><marc:subfield code="a">ULG001</marc:subfield><marc:subfield code="b">cze</marc:subfield></marc:datafield><marc:datafield tag="041" ind1="0" ind2=" "><marc:subfield code="a">eng</marc:subfield><marc:subfield code="a">cze</marc:subfield><marc:subfield code="a">slo</marc:subfield></marc:datafield><marc:datafield tag="072" ind1=" " ind2="7"><marc:subfield code="a">59</marc:subfield><marc:subfield code="x">Zoologie</marc:subfield><marc:subfield code="2">Konspekt</marc:subfield><marc:subfield code="9">2</marc:subfield></marc:datafield><marc:datafield tag="080" ind1=" " ind2=" "><marc:subfield code="a">599</marc:subfield><marc:subfield code="2">MRF-sel</marc:subfield></marc:datafield><marc:datafield tag="110" ind1="2" ind2=" "><marc:subfield code="a">Národní muzeum (Praha, Česko)</marc:subfield><marc:subfield code="7">kn20010709075</marc:subfield></marc:datafield><marc:datafield tag="245" ind1="1" ind2="0"><marc:subfield code="a">Lynx =</marc:subfield><marc:subfield code="b">novitates mammaliologicae. Series nova, fasc. 34 : mammaliologické zprávy.</marc:subfield><marc:subfield code="p">Nová série.</marc:subfield><marc:subfield code="n">Svazek 34 /</marc:subfield><marc:subfield code="c">řídí Petr Benda</marc:subfield></marc:datafield><marc:datafield tag="260" ind1=" " ind2=" "><marc:subfield code="a">Praha :</marc:subfield><marc:subfield code="b">Národní muzeum,</marc:subfield><marc:subfield code="c">2003</marc:subfield></marc:datafield><marc:datafield tag="300" ind1=" " ind2=" "><marc:subfield code="a">238 s. :</marc:subfield><marc:subfield code="b">il., tabulky</marc:subfield></marc:datafield><marc:datafield tag="546" ind1=" " ind2=" "><marc:subfield code="a">Obsahuje bibliografie, souhrny v češtině, slovenštině, angličtině</marc:subfield></marc:datafield><marc:datafield tag="650" ind1="0" ind2="7"><marc:subfield code="a">fauna</marc:subfield><marc:subfield code="7">ph114529</marc:subfield><marc:subfield code="z">Česko</marc:subfield><marc:subfield code="2">czenas</marc:subfield></marc:datafield><marc:datafield tag="650" ind1="0" ind2="7"><marc:subfield code="a">savci</marc:subfield><marc:subfield code="7">ph116109</marc:subfield><marc:subfield code="2">czenas</marc:subfield></marc:datafield><marc:datafield tag="655" ind1=" " ind2="7"><marc:subfield code="a">sborníky</marc:subfield><marc:subfield code="7">fd163935</marc:subfield><marc:subfield code="2">czenas</marc:subfield></marc:datafield><marc:datafield tag="700" ind1="1" ind2=" "><marc:subfield code="a">Benda, Petr</marc:subfield><marc:subfield code="7">ola2005298414</marc:subfield><marc:subfield code="4">edt</marc:subfield></marc:datafield><marc:datafield tag="900" ind1=" " ind2=" "><marc:subfield code="a">ULG001</marc:subfield><marc:subfield code="b">14</marc:subfield></marc:datafield><marc:datafield tag="910" ind1=" " ind2=" "><marc:subfield code="a">ULG001</marc:subfield><marc:subfield code="x">016020003218451</marc:subfield><marc:subfield code="b">N38998/XXXIV</marc:subfield><marc:subfield code="w">l</marc:subfield></marc:datafield><marc:datafield tag="998" ind1=" " ind2=" "><marc:subfield code="a">http://aleph.nkp.cz/F/?func=direct&amp;doc_number=003311001&amp;local_base=SKC</marc:subfield></marc:datafield></marc:record></metadata></record>