<record><header><identifier>oai:aleph-nkp.cz:SKC01-003193536</identifier><datestamp>2022-06-23T11:06:30Z</datestamp><setSpec>SKC</setSpec></header><metadata><marc:record xmlns:marc="http://www.loc.gov/MARC21/slim"
xmlns:xsi="http://www.w3.org/2001/XMLSchema-instance"
xsi:schemaLocation="http://www.loc.gov/MARC21/slim
http://www.loc.gov/standards/marcxml/schema/MARC21slim.xsd"><marc:leader>     nam a22        4500</marc:leader><marc:controlfield tag="001">016020003218453</marc:controlfield><marc:controlfield tag="003">CZ PrSKC</marc:controlfield><marc:controlfield tag="005">20071203131812.0</marc:controlfield><marc:controlfield tag="008">070720s2006    xr |||||||||||||| ||eng d</marc:controlfield><marc:datafield tag="040" ind1=" " ind2=" "><marc:subfield code="a">ULG001</marc:subfield><marc:subfield code="b">cze</marc:subfield></marc:datafield><marc:datafield tag="041" ind1="0" ind2=" "><marc:subfield code="b">cze</marc:subfield><marc:subfield code="b">pol</marc:subfield><marc:subfield code="b">slo</marc:subfield></marc:datafield><marc:datafield tag="072" ind1=" " ind2="7"><marc:subfield code="a">59</marc:subfield><marc:subfield code="x">Zoologie</marc:subfield><marc:subfield code="2">Konspekt</marc:subfield><marc:subfield code="9">2</marc:subfield></marc:datafield><marc:datafield tag="080" ind1=" " ind2=" "><marc:subfield code="a">599</marc:subfield><marc:subfield code="2">MRF-sel</marc:subfield></marc:datafield><marc:datafield tag="245" ind1="0" ind2="0"><marc:subfield code="a">Lynx :</marc:subfield><marc:subfield code="b">mammaliologické zprávy.</marc:subfield><marc:subfield code="p">Nová série = novitates mammaliologicae. Series nova.</marc:subfield><marc:subfield code="n">Svazek 37 /</marc:subfield><marc:subfield code="c">řídí Petr Benda</marc:subfield></marc:datafield><marc:datafield tag="246" ind1="3" ind2="0"><marc:subfield code="a">Mammaliologické zprávy</marc:subfield></marc:datafield><marc:datafield tag="246" ind1="3" ind2="1"><marc:subfield code="a">Novitates mammaliologicae</marc:subfield></marc:datafield><marc:datafield tag="260" ind1=" " ind2=" "><marc:subfield code="a">Praha :</marc:subfield><marc:subfield code="b">Národní museum,</marc:subfield><marc:subfield code="c">2006</marc:subfield></marc:datafield><marc:datafield tag="300" ind1=" " ind2=" "><marc:subfield code="a">284 s. :</marc:subfield><marc:subfield code="b">il. (některé barev.), portréty</marc:subfield></marc:datafield><marc:datafield tag="504" ind1=" " ind2=" "><marc:subfield code="a">Obsahuje bibliografie a bibliografické odkazy</marc:subfield></marc:datafield><marc:datafield tag="546" ind1=" " ind2=" "><marc:subfield code="a">Anglické, české, polské a slovenské souhrny</marc:subfield></marc:datafield><marc:datafield tag="650" ind1="0" ind2="7"><marc:subfield code="a">netopýři</marc:subfield><marc:subfield code="7">ph115438</marc:subfield><marc:subfield code="2">czenas</marc:subfield></marc:datafield><marc:datafield tag="650" ind1="0" ind2="7"><marc:subfield code="a">savci</marc:subfield><marc:subfield code="7">ph116109</marc:subfield><marc:subfield code="2">czenas</marc:subfield></marc:datafield><marc:datafield tag="650" ind1="0" ind2="7"><marc:subfield code="a">mammalogie</marc:subfield><marc:subfield code="7">ph216720</marc:subfield><marc:subfield code="2">czenas</marc:subfield></marc:datafield><marc:datafield tag="655" ind1=" " ind2="7"><marc:subfield code="a">sborníky</marc:subfield><marc:subfield code="7">fd163935</marc:subfield><marc:subfield code="2">czenas</marc:subfield></marc:datafield><marc:datafield tag="700" ind1="1" ind2=" "><marc:subfield code="a">Benda, Petr</marc:subfield><marc:subfield code="7">ola2005298414</marc:subfield><marc:subfield code="4">edt</marc:subfield></marc:datafield><marc:datafield tag="900" ind1=" " ind2=" "><marc:subfield code="a">ULG001</marc:subfield><marc:subfield code="b">14</marc:subfield></marc:datafield><marc:datafield tag="910" ind1=" " ind2=" "><marc:subfield code="a">ULG001</marc:subfield><marc:subfield code="x">016020003218453</marc:subfield><marc:subfield code="b">N38998/XXXVII</marc:subfield><marc:subfield code="w">l</marc:subfield></marc:datafield><marc:datafield tag="998" ind1=" " ind2=" "><marc:subfield code="a">http://aleph.nkp.cz/F/?func=direct&amp;doc_number=003193536&amp;local_base=SKC</marc:subfield></marc:datafield></marc:record></metadata></record>