<record><header><identifier>oai:aleph-nkp.cz:SKC01-009552283</identifier><datestamp>2022-06-23T11:06:59Z</datestamp><setSpec>SKC</setSpec></header><metadata><marc:record xmlns:marc="http://www.loc.gov/MARC21/slim"
xmlns:xsi="http://www.w3.org/2001/XMLSchema-instance"
xsi:schemaLocation="http://www.loc.gov/MARC21/slim
http://www.loc.gov/standards/marcxml/schema/MARC21slim.xsd"><marc:leader>     nam a22      i 4500</marc:leader><marc:controlfield tag="001">4656277</marc:controlfield><marc:controlfield tag="003">CZ PrSKC</marc:controlfield><marc:controlfield tag="005">20220623111627.0</marc:controlfield><marc:controlfield tag="007">ta</marc:controlfield><marc:controlfield tag="008">220622s2022    xr     g      000 f cze  </marc:controlfield><marc:datafield tag="015" ind1=" " ind2=" "><marc:subfield code="a">cnb003429542</marc:subfield></marc:datafield><marc:datafield tag="020" ind1=" " ind2=" "><marc:subfield code="a">978-80-7197-797-1</marc:subfield><marc:subfield code="q">(vázáno) :</marc:subfield><marc:subfield code="c">Kč 399,00</marc:subfield></marc:datafield><marc:datafield tag="040" ind1=" " ind2=" "><marc:subfield code="a">ABG001</marc:subfield><marc:subfield code="b">cze</marc:subfield><marc:subfield code="e">rda</marc:subfield></marc:datafield><marc:datafield tag="041" ind1="1" ind2=" "><marc:subfield code="a">cze</marc:subfield><marc:subfield code="h">eng</marc:subfield></marc:datafield><marc:datafield tag="072" ind1=" " ind2="7"><marc:subfield code="a">821.111-3</marc:subfield><marc:subfield code="x">Anglická próza, anglicky psaná</marc:subfield><marc:subfield code="2">Konspekt</marc:subfield><marc:subfield code="9">25</marc:subfield></marc:datafield><marc:datafield tag="080" ind1=" " ind2=" "><marc:subfield code="a">821.111-31</marc:subfield><marc:subfield code="2">MRF</marc:subfield></marc:datafield><marc:datafield tag="080" ind1=" " ind2=" "><marc:subfield code="a">(0:82-312.9)</marc:subfield><marc:subfield code="2">MRF</marc:subfield></marc:datafield><marc:datafield tag="100" ind1="1" ind2=" "><marc:subfield code="a">Pratchett, Terry,</marc:subfield><marc:subfield code="d">1948-2015</marc:subfield><marc:subfield code="7">jo20000080627</marc:subfield><marc:subfield code="4">aut</marc:subfield></marc:datafield><marc:datafield tag="240" ind1="1" ind2="0"><marc:subfield code="a">Maskerade.</marc:subfield><marc:subfield code="l">Česky</marc:subfield><marc:subfield code="7">aun2013749591</marc:subfield></marc:datafield><marc:datafield tag="245" ind1="1" ind2="0"><marc:subfield code="a">Maškaráda /</marc:subfield><marc:subfield code="c">Terry Pratchett ; z anglického originálu Maskerade ... přeložil Jan Kantůrek</marc:subfield></marc:datafield><marc:datafield tag="264" ind1=" " ind2="1"><marc:subfield code="a">Praha :</marc:subfield><marc:subfield code="b">Talpress,</marc:subfield><marc:subfield code="c">2022</marc:subfield></marc:datafield><marc:datafield tag="300" ind1=" " ind2=" "><marc:subfield code="a">324 stran ;</marc:subfield><marc:subfield code="c">21 cm</marc:subfield></marc:datafield><marc:datafield tag="336" ind1=" " ind2=" "><marc:subfield code="a">text</marc:subfield><marc:subfield code="b">txt</marc:subfield><marc:subfield code="2">rdacontent</marc:subfield></marc:datafield><marc:datafield tag="337" ind1=" " ind2=" "><marc:subfield code="a">bez média</marc:subfield><marc:subfield code="b">n</marc:subfield><marc:subfield code="2">rdamedia</marc:subfield></marc:datafield><marc:datafield tag="338" ind1=" " ind2=" "><marc:subfield code="a">svazek</marc:subfield><marc:subfield code="b">nc</marc:subfield><marc:subfield code="2">rdacarrier</marc:subfield></marc:datafield><marc:datafield tag="500" ind1=" " ind2=" "><marc:subfield code="a">Limitovaná edice</marc:subfield></marc:datafield><marc:datafield tag="520" ind1="9" ind2=" "><marc:subfield code="a">Další díl humorné fantasy řady přináší příběh s detektivní zápletkou, tentokrát z divadelního prostředí.</marc:subfield><marc:subfield code="b">Hlavní hrdinky, čarodějnice Esmeralda Zlopočasná a Gyta Oggová, přišly o svou třetí přítelkyni ve spolku - vdala se a stala se královnou. Shánějí proto náhradnici a vytipují si Anežku Nulíčkovou, mladou dívku, která odchází do Ankh-Morporku za kariérou operní divy. Čarodějnice se za ní vydají do Opery, kde vypátrají během dramatické honičky a vzrušujícího zápasu místního Ducha, odhalí korupci hudebního ředitele a nakonec získají Anežku pro čarodějnictví.</marc:subfield></marc:datafield><marc:datafield tag="655" ind1=" " ind2="7"><marc:subfield code="a">anglické romány</marc:subfield><marc:subfield code="7">fd131814</marc:subfield><marc:subfield code="2">czenas</marc:subfield></marc:datafield><marc:datafield tag="655" ind1=" " ind2="7"><marc:subfield code="a">fantasy romány</marc:subfield><marc:subfield code="7">fd184199</marc:subfield><marc:subfield code="2">czenas</marc:subfield></marc:datafield><marc:datafield tag="655" ind1=" " ind2="9"><marc:subfield code="a">English fiction</marc:subfield><marc:subfield code="2">eczenas</marc:subfield></marc:datafield><marc:datafield tag="655" ind1=" " ind2="9"><marc:subfield code="a">fantasy novels</marc:subfield><marc:subfield code="2">eczenas</marc:subfield></marc:datafield><marc:datafield tag="700" ind1="1" ind2=" "><marc:subfield code="a">Kantůrek, Jan,</marc:subfield><marc:subfield code="d">1948-2018</marc:subfield><marc:subfield code="7">jn20010310357</marc:subfield><marc:subfield code="4">trl</marc:subfield></marc:datafield><marc:datafield tag="787" ind1="0" ind2="8"><marc:subfield code="i">Z cyklu:</marc:subfield><marc:subfield code="t">Úžasná Zeměplocha</marc:subfield><marc:subfield code="g">18</marc:subfield></marc:datafield><marc:datafield tag="900" ind1=" " ind2=" "><marc:subfield code="a">ABG001</marc:subfield><marc:subfield code="b">19</marc:subfield></marc:datafield><marc:datafield tag="910" ind1=" " ind2=" "><marc:subfield code="a">ABG001</marc:subfield><marc:subfield code="x">4656277</marc:subfield><marc:subfield code="b">AA 102870</marc:subfield><marc:subfield code="w">l</marc:subfield></marc:datafield><marc:datafield tag="998" ind1=" " ind2=" "><marc:subfield code="a">http://aleph.nkp.cz/F/?func=direct&amp;doc_number=009552283&amp;local_base=SKC</marc:subfield></marc:datafield></marc:record></metadata></record>