<record><header><identifier>oai:aleph-nkp.cz:SKC01-001365337</identifier><datestamp>2022-06-23T11:06:59Z</datestamp><setSpec>SKC</setSpec></header><metadata><marc:record xmlns:marc="http://www.loc.gov/MARC21/slim"
xmlns:xsi="http://www.w3.org/2001/XMLSchema-instance"
xsi:schemaLocation="http://www.loc.gov/MARC21/slim
http://www.loc.gov/standards/marcxml/schema/MARC21slim.xsd"><marc:leader>     nam a22     3a 4500</marc:leader><marc:controlfield tag="001">m0045448</marc:controlfield><marc:controlfield tag="003">CZ PrSKC</marc:controlfield><marc:controlfield tag="005">20220623130610.0</marc:controlfield><marc:controlfield tag="007">ta</marc:controlfield><marc:controlfield tag="008">030310s2002    xr            ||| | cze d</marc:controlfield><marc:datafield tag="020" ind1=" " ind2=" "><marc:subfield code="a">80-7294-062-7</marc:subfield><marc:subfield code="q">(soubor)</marc:subfield></marc:datafield><marc:datafield tag="020" ind1=" " ind2=" "><marc:subfield code="a">80-7294-061-9</marc:subfield></marc:datafield><marc:datafield tag="040" ind1=" " ind2=" "><marc:subfield code="a">CBA001</marc:subfield><marc:subfield code="b">cze</marc:subfield><marc:subfield code="d">ABA100</marc:subfield></marc:datafield><marc:datafield tag="072" ind1=" " ind2="7"><marc:subfield code="a">821.09</marc:subfield><marc:subfield code="x">Literatura v různých jazycích (o ní)</marc:subfield><marc:subfield code="2">Konspekt</marc:subfield><marc:subfield code="9">11</marc:subfield></marc:datafield><marc:datafield tag="080" ind1=" " ind2=" "><marc:subfield code="a">821</marc:subfield><marc:subfield code="2">MRF</marc:subfield></marc:datafield><marc:datafield tag="080" ind1=" " ind2=" "><marc:subfield code="a">821.162.3</marc:subfield><marc:subfield code="2">MRF</marc:subfield></marc:datafield><marc:datafield tag="080" ind1=" " ind2=" "><marc:subfield code="a">929</marc:subfield><marc:subfield code="2">MRF</marc:subfield></marc:datafield><marc:datafield tag="100" ind1="1" ind2=" "><marc:subfield code="a">Brož, František,</marc:subfield><marc:subfield code="d">1960-</marc:subfield><marc:subfield code="7">xx0004455</marc:subfield><marc:subfield code="4">aut</marc:subfield></marc:datafield><marc:datafield tag="245" ind1="1" ind2="0"><marc:subfield code="a">Česká a světová literatura v datech.</marc:subfield><marc:subfield code="n">I,</marc:subfield><marc:subfield code="p">(1800-1899) /</marc:subfield><marc:subfield code="c">František Brož</marc:subfield></marc:datafield><marc:datafield tag="246" ind1="3" ind2=" "><marc:subfield code="a">Česká a světová literatura v datech I</marc:subfield></marc:datafield><marc:datafield tag="250" ind1=" " ind2=" "><marc:subfield code="a">Vyd. 1</marc:subfield></marc:datafield><marc:datafield tag="260" ind1=" " ind2=" "><marc:subfield code="a">Brno :</marc:subfield><marc:subfield code="b">Host,</marc:subfield><marc:subfield code="c">2001</marc:subfield></marc:datafield><marc:datafield tag="300" ind1=" " ind2=" "><marc:subfield code="a">414 s. ;</marc:subfield><marc:subfield code="c">20 cm</marc:subfield></marc:datafield><marc:datafield tag="500" ind1=" " ind2=" "><marc:subfield code="a">V tiráži uveden rok vydání 2002</marc:subfield></marc:datafield><marc:datafield tag="504" ind1=" " ind2=" "><marc:subfield code="a">Obsahuje bibliografii</marc:subfield></marc:datafield><marc:datafield tag="520" ind1="9" ind2=" "><marc:subfield code="a">První svazek čtyřdílné chronologicky uspořádané slovníkové příručky české a světové literatury zachycuje období od r. 1800-1899.</marc:subfield></marc:datafield><marc:datafield tag="520" ind1="9" ind2=" "><marc:subfield code="a">Slovník uvádí ke každému roku data narození a úmrtí autorů, vydaná důležitá díla a události literárního života v širokém záběru. U jednotlivých autorů je uváděna příslušnost k národní literatuře a základní charakteristika, usilující o maximální zevšeobecnění, dále je uváděna v nezpochybnitelných případech příslušnost k literárnímu směru, hnutí. Svazek rovněž obsahuje seznam všech zmiňovaných autorů a abecední seznam všech uváděných děl. Poslední část představují hesla, která odkazují k událostem v českém literárním dění - jde o propojení s první částí ve smyslu souběžnosti života autorů, vydávaných děl a dění v české literatuře. Jména autorů jsou uváděna tak, jak je uvádějí běžné slovníky, nezjistitelné údaje jsou vyznačeny otazníky. Další svazky mají nasledující časové rozložení: II: 1900-1945, III: 1946-2000, IV: do roku 1800. 5.12.2000 X2+, X3+ hladkai</marc:subfield></marc:datafield><marc:datafield tag="650" ind1=" " ind2="7"><marc:subfield code="a">česká literatura</marc:subfield><marc:subfield code="7">ph116858</marc:subfield><marc:subfield code="2">czenas</marc:subfield></marc:datafield><marc:datafield tag="650" ind1=" " ind2="7"><marc:subfield code="a">osobnosti</marc:subfield><marc:subfield code="7">ph115615</marc:subfield><marc:subfield code="2">czenas</marc:subfield></marc:datafield><marc:datafield tag="650" ind1=" " ind2="7"><marc:subfield code="a">spisovatelé</marc:subfield><marc:subfield code="7">ph125911</marc:subfield><marc:subfield code="2">czenas</marc:subfield></marc:datafield><marc:datafield tag="650" ind1=" " ind2="7"><marc:subfield code="a">světová literatura</marc:subfield><marc:subfield code="7">ph116360</marc:subfield><marc:subfield code="2">czenas</marc:subfield></marc:datafield><marc:datafield tag="655" ind1=" " ind2="7"><marc:subfield code="a">přehledy</marc:subfield><marc:subfield code="7">fd133202</marc:subfield><marc:subfield code="2">czenas</marc:subfield></marc:datafield><marc:datafield tag="900" ind1=" " ind2=" "><marc:subfield code="a">ABA100</marc:subfield><marc:subfield code="b">15</marc:subfield></marc:datafield><marc:datafield tag="910" ind1=" " ind2=" "><marc:subfield code="a">ABA007</marc:subfield><marc:subfield code="x">000029902</marc:subfield><marc:subfield code="w">l</marc:subfield></marc:datafield><marc:datafield tag="910" ind1=" " ind2=" "><marc:subfield code="a">ABA010</marc:subfield><marc:subfield code="x">kpw013245</marc:subfield><marc:subfield code="w">l</marc:subfield></marc:datafield><marc:datafield tag="910" ind1=" " ind2=" "><marc:subfield code="a">ABA012</marc:subfield><marc:subfield code="x">kpw05116468</marc:subfield><marc:subfield code="w">l</marc:subfield></marc:datafield><marc:datafield tag="910" ind1=" " ind2=" "><marc:subfield code="a">ABB060</marc:subfield><marc:subfield code="x">001164428</marc:subfield><marc:subfield code="b">BR Příručka 1</marc:subfield><marc:subfield code="b">Příručka ČL/slovn.</marc:subfield><marc:subfield code="w">l</marc:subfield></marc:datafield><marc:datafield tag="910" ind1=" " ind2=" "><marc:subfield code="a">ABB083</marc:subfield><marc:subfield code="x">000365515</marc:subfield><marc:subfield code="b">VCDV/Ab</marc:subfield><marc:subfield code="w">l</marc:subfield></marc:datafield><marc:datafield tag="910" ind1=" " ind2=" "><marc:subfield code="a">ABD001</marc:subfield><marc:subfield code="x">000640551</marc:subfield><marc:subfield code="w">l</marc:subfield></marc:datafield><marc:datafield tag="910" ind1=" " ind2=" "><marc:subfield code="a">ABD005</marc:subfield><marc:subfield code="x">000070405</marc:subfield><marc:subfield code="w">l</marc:subfield></marc:datafield><marc:datafield tag="910" ind1=" " ind2=" "><marc:subfield code="a">ABD027</marc:subfield><marc:subfield code="x">000070405</marc:subfield><marc:subfield code="w">l</marc:subfield></marc:datafield><marc:datafield tag="910" ind1=" " ind2=" "><marc:subfield code="a">ABD103</marc:subfield><marc:subfield code="x">000070405</marc:subfield><marc:subfield code="w">l</marc:subfield></marc:datafield><marc:datafield tag="910" ind1=" " ind2=" "><marc:subfield code="a">ABG001</marc:subfield><marc:subfield code="x">2332812</marc:subfield><marc:subfield code="b">X 6554/1</marc:subfield><marc:subfield code="w">l</marc:subfield></marc:datafield><marc:datafield tag="910" ind1=" " ind2=" "><marc:subfield code="a">BEG001</marc:subfield><marc:subfield code="x">27560</marc:subfield><marc:subfield code="w">l</marc:subfield></marc:datafield><marc:datafield tag="910" ind1=" " ind2=" "><marc:subfield code="a">BKG001</marc:subfield><marc:subfield code="x">016150000239884</marc:subfield><marc:subfield code="b">N 53282/1</marc:subfield><marc:subfield code="w">l</marc:subfield></marc:datafield><marc:datafield tag="910" ind1=" " ind2=" "><marc:subfield code="a">BKG505</marc:subfield><marc:subfield code="x">002030000264182</marc:subfield><marc:subfield code="w">l</marc:subfield></marc:datafield><marc:datafield tag="910" ind1=" " ind2=" "><marc:subfield code="a">BNG001</marc:subfield><marc:subfield code="x">016550000050785</marc:subfield><marc:subfield code="w">l</marc:subfield></marc:datafield><marc:datafield tag="910" ind1=" " ind2=" "><marc:subfield code="a">BNG501</marc:subfield><marc:subfield code="x">017360000060451</marc:subfield><marc:subfield code="w">l</marc:subfield></marc:datafield><marc:datafield tag="910" ind1=" " ind2=" "><marc:subfield code="a">BOA001</marc:subfield><marc:subfield code="x">000646688</marc:subfield><marc:subfield code="b">1-1111.818,1</marc:subfield><marc:subfield code="w">l</marc:subfield></marc:datafield><marc:datafield tag="910" ind1=" " ind2=" "><marc:subfield code="a">BOB007</marc:subfield><marc:subfield code="x">000247376</marc:subfield><marc:subfield code="x">000248754</marc:subfield><marc:subfield code="b">1-3503</marc:subfield><marc:subfield code="b">P-609/1</marc:subfield><marc:subfield code="w">l</marc:subfield></marc:datafield><marc:datafield tag="910" ind1=" " ind2=" "><marc:subfield code="a">BOD001</marc:subfield><marc:subfield code="x">000017464</marc:subfield><marc:subfield code="w">l</marc:subfield></marc:datafield><marc:datafield tag="910" ind1=" " ind2=" "><marc:subfield code="a">BOD003</marc:subfield><marc:subfield code="x">000017464</marc:subfield><marc:subfield code="w">l</marc:subfield></marc:datafield><marc:datafield tag="910" ind1=" " ind2=" "><marc:subfield code="a">BOE451</marc:subfield><marc:subfield code="x">001260000149990</marc:subfield><marc:subfield code="w">l</marc:subfield></marc:datafield><marc:datafield tag="910" ind1=" " ind2=" "><marc:subfield code="a">CBA001</marc:subfield><marc:subfield code="x">m0045448</marc:subfield><marc:subfield code="w">l</marc:subfield></marc:datafield><marc:datafield tag="910" ind1=" " ind2=" "><marc:subfield code="a">CBD005</marc:subfield><marc:subfield code="x">000113925</marc:subfield><marc:subfield code="w">l</marc:subfield></marc:datafield><marc:datafield tag="910" ind1=" " ind2=" "><marc:subfield code="a">CBD007</marc:subfield><marc:subfield code="x">000053311</marc:subfield><marc:subfield code="w">l</marc:subfield></marc:datafield><marc:datafield tag="910" ind1=" " ind2=" "><marc:subfield code="a">CHE702</marc:subfield><marc:subfield code="x">001360000016284</marc:subfield><marc:subfield code="w">l</marc:subfield></marc:datafield><marc:datafield tag="910" ind1=" " ind2=" "><marc:subfield code="a">CLG001</marc:subfield><marc:subfield code="x">001560000455868</marc:subfield><marc:subfield code="w">l</marc:subfield></marc:datafield><marc:datafield tag="910" ind1=" " ind2=" "><marc:subfield code="a">CRG001</marc:subfield><marc:subfield code="x">136530</marc:subfield><marc:subfield code="w">l</marc:subfield></marc:datafield><marc:datafield tag="910" ind1=" " ind2=" "><marc:subfield code="a">CVG001</marc:subfield><marc:subfield code="x">002140000358544</marc:subfield><marc:subfield code="w">l</marc:subfield></marc:datafield><marc:datafield tag="910" ind1=" " ind2=" "><marc:subfield code="a">DCG302</marc:subfield><marc:subfield code="x">002000001222457</marc:subfield><marc:subfield code="w">l</marc:subfield></marc:datafield><marc:datafield tag="910" ind1=" " ind2=" "><marc:subfield code="a">DCG501</marc:subfield><marc:subfield code="x">53198</marc:subfield><marc:subfield code="w">l</marc:subfield></marc:datafield><marc:datafield tag="910" ind1=" " ind2=" "><marc:subfield code="a">FME301</marc:subfield><marc:subfield code="x">001190000090132</marc:subfield><marc:subfield code="w">l</marc:subfield></marc:datafield><marc:datafield tag="910" ind1=" " ind2=" "><marc:subfield code="a">FMG002</marc:subfield><marc:subfield code="x">001820000366214</marc:subfield><marc:subfield code="w">l</marc:subfield></marc:datafield><marc:datafield tag="910" ind1=" " ind2=" "><marc:subfield code="a">HBG001</marc:subfield><marc:subfield code="x">016310002030379</marc:subfield><marc:subfield code="b">N28292/I</marc:subfield><marc:subfield code="w">l</marc:subfield></marc:datafield><marc:datafield tag="910" ind1=" " ind2=" "><marc:subfield code="a">HKG001</marc:subfield><marc:subfield code="x">016530002021557</marc:subfield><marc:subfield code="b">219229/1</marc:subfield><marc:subfield code="w">l</marc:subfield></marc:datafield><marc:datafield tag="910" ind1=" " ind2=" "><marc:subfield code="a">HOG001</marc:subfield><marc:subfield code="x">016880000051016</marc:subfield><marc:subfield code="w">l</marc:subfield></marc:datafield><marc:datafield tag="910" ind1=" " ind2=" "><marc:subfield code="a">JHG001</marc:subfield><marc:subfield code="x">016200001005493</marc:subfield><marc:subfield code="w">l</marc:subfield></marc:datafield><marc:datafield tag="910" ind1=" " ind2=" "><marc:subfield code="a">JIG001</marc:subfield><marc:subfield code="x">001870000511925</marc:subfield><marc:subfield code="w">l</marc:subfield></marc:datafield><marc:datafield tag="910" ind1=" " ind2=" "><marc:subfield code="a">JNG001</marc:subfield><marc:subfield code="x">156760</marc:subfield><marc:subfield code="w">l</marc:subfield></marc:datafield><marc:datafield tag="910" ind1=" " ind2=" "><marc:subfield code="a">KAG503</marc:subfield><marc:subfield code="x">27261</marc:subfield><marc:subfield code="w">l</marc:subfield></marc:datafield><marc:datafield tag="910" ind1=" " ind2=" "><marc:subfield code="a">KAG505</marc:subfield><marc:subfield code="x">354775</marc:subfield><marc:subfield code="w">l</marc:subfield></marc:datafield><marc:datafield tag="910" ind1=" " ind2=" "><marc:subfield code="a">KLG001</marc:subfield><marc:subfield code="x">c289065</marc:subfield><marc:subfield code="b">J 200270/I</marc:subfield><marc:subfield code="w">l</marc:subfield></marc:datafield><marc:datafield tag="910" ind1=" " ind2=" "><marc:subfield code="a">KMG001</marc:subfield><marc:subfield code="x">001580000242345</marc:subfield><marc:subfield code="w">l</marc:subfield></marc:datafield><marc:datafield tag="910" ind1=" " ind2=" "><marc:subfield code="a">KOG001</marc:subfield><marc:subfield code="x">001410000206185</marc:subfield><marc:subfield code="w">l</marc:subfield></marc:datafield><marc:datafield tag="910" ind1=" " ind2=" "><marc:subfield code="a">KTG001</marc:subfield><marc:subfield code="x">001270000104017</marc:subfield><marc:subfield code="w">l</marc:subfield></marc:datafield><marc:datafield tag="910" ind1=" " ind2=" "><marc:subfield code="a">KTG501</marc:subfield><marc:subfield code="x">001160000170539</marc:subfield><marc:subfield code="w">l</marc:subfield></marc:datafield><marc:datafield tag="910" ind1=" " ind2=" "><marc:subfield code="a">KVG001</marc:subfield><marc:subfield code="x">016700002378558</marc:subfield><marc:subfield code="b">STU 821</marc:subfield><marc:subfield code="w">l</marc:subfield></marc:datafield><marc:datafield tag="910" ind1=" " ind2=" "><marc:subfield code="a">KVG503</marc:subfield><marc:subfield code="x">KN4222100000013769</marc:subfield><marc:subfield code="w">l</marc:subfield></marc:datafield><marc:datafield tag="910" ind1=" " ind2=" "><marc:subfield code="a">LIA001</marc:subfield><marc:subfield code="x">c260861</marc:subfield><marc:subfield code="b">A 168297/1</marc:subfield><marc:subfield code="w">l</marc:subfield></marc:datafield><marc:datafield tag="910" ind1=" " ind2=" "><marc:subfield code="a">MBG001</marc:subfield><marc:subfield code="x">kpm0189130</marc:subfield><marc:subfield code="w">l</marc:subfield></marc:datafield><marc:datafield tag="910" ind1=" " ind2=" "><marc:subfield code="a">MOG001</marc:subfield><marc:subfield code="x">001170000719397</marc:subfield><marc:subfield code="w">l</marc:subfield></marc:datafield><marc:datafield tag="910" ind1=" " ind2=" "><marc:subfield code="a">NBG001</marc:subfield><marc:subfield code="x">001390000039511</marc:subfield><marc:subfield code="w">l</marc:subfield></marc:datafield><marc:datafield tag="910" ind1=" " ind2=" "><marc:subfield code="a">OLG001</marc:subfield><marc:subfield code="x">001800001148558</marc:subfield><marc:subfield code="w">l</marc:subfield></marc:datafield><marc:datafield tag="910" ind1=" " ind2=" "><marc:subfield code="a">OPD001</marc:subfield><marc:subfield code="x">016470000461177</marc:subfield><marc:subfield code="w">l</marc:subfield></marc:datafield><marc:datafield tag="910" ind1=" " ind2=" "><marc:subfield code="a">OSA001</marc:subfield><marc:subfield code="x">000065430</marc:subfield><marc:subfield code="b">13.093 G 1</marc:subfield><marc:subfield code="w">l</marc:subfield></marc:datafield><marc:datafield tag="910" ind1=" " ind2=" "><marc:subfield code="a">OSD001</marc:subfield><marc:subfield code="x">000017058</marc:subfield><marc:subfield code="b">B67469</marc:subfield><marc:subfield code="w">l</marc:subfield></marc:datafield><marc:datafield tag="910" ind1=" " ind2=" "><marc:subfield code="a">OSG002</marc:subfield><marc:subfield code="x">001070005380113</marc:subfield><marc:subfield code="b">2-603.330 I.</marc:subfield><marc:subfield code="w">l</marc:subfield></marc:datafield><marc:datafield tag="910" ind1=" " ind2=" "><marc:subfield code="a">PBG001</marc:subfield><marc:subfield code="x">016280000552931</marc:subfield><marc:subfield code="b">8</marc:subfield><marc:subfield code="w">l</marc:subfield></marc:datafield><marc:datafield tag="910" ind1=" " ind2=" "><marc:subfield code="a">PBG501</marc:subfield><marc:subfield code="x">001060000863624</marc:subfield><marc:subfield code="w">l</marc:subfield></marc:datafield><marc:datafield tag="910" ind1=" " ind2=" "><marc:subfield code="a">PEG501</marc:subfield><marc:subfield code="x">017040000211409</marc:subfield><marc:subfield code="w">l</marc:subfield></marc:datafield><marc:datafield tag="910" ind1=" " ind2=" "><marc:subfield code="a">PNA001</marc:subfield><marc:subfield code="x">000160440</marc:subfield><marc:subfield code="b">31A97288-1</marc:subfield><marc:subfield code="w">l</marc:subfield></marc:datafield><marc:datafield tag="910" ind1=" " ind2=" "><marc:subfield code="a">PNG001</marc:subfield><marc:subfield code="x">001970000072536</marc:subfield><marc:subfield code="w">l</marc:subfield></marc:datafield><marc:datafield tag="910" ind1=" " ind2=" "><marc:subfield code="a">PNG517</marc:subfield><marc:subfield code="x">71689</marc:subfield><marc:subfield code="w">l</marc:subfield></marc:datafield><marc:datafield tag="910" ind1=" " ind2=" "><marc:subfield code="a">PRG001</marc:subfield><marc:subfield code="x">016270001342070</marc:subfield><marc:subfield code="w">l</marc:subfield></marc:datafield><marc:datafield tag="910" ind1=" " ind2=" "><marc:subfield code="a">PVG001</marc:subfield><marc:subfield code="x">24541</marc:subfield><marc:subfield code="w">l</marc:subfield></marc:datafield><marc:datafield tag="910" ind1=" " ind2=" "><marc:subfield code="a">SMG004</marc:subfield><marc:subfield code="x">002190000129068</marc:subfield><marc:subfield code="b">821</marc:subfield><marc:subfield code="w">l</marc:subfield></marc:datafield><marc:datafield tag="910" ind1=" " ind2=" "><marc:subfield code="a">SMG506</marc:subfield><marc:subfield code="x">75306</marc:subfield><marc:subfield code="w">l</marc:subfield></marc:datafield><marc:datafield tag="910" ind1=" " ind2=" "><marc:subfield code="a">SOG501</marc:subfield><marc:subfield code="x">8791</marc:subfield><marc:subfield code="w">l</marc:subfield></marc:datafield><marc:datafield tag="910" ind1=" " ind2=" "><marc:subfield code="a">STG001</marc:subfield><marc:subfield code="x">23978</marc:subfield><marc:subfield code="w">l</marc:subfield></marc:datafield><marc:datafield tag="910" ind1=" " ind2=" "><marc:subfield code="a">SVG502</marc:subfield><marc:subfield code="x">95910</marc:subfield><marc:subfield code="w">l</marc:subfield></marc:datafield><marc:datafield tag="910" ind1=" " ind2=" "><marc:subfield code="a">TPG001</marc:subfield><marc:subfield code="x">016690000608838</marc:subfield><marc:subfield code="w">l</marc:subfield></marc:datafield><marc:datafield tag="910" ind1=" " ind2=" "><marc:subfield code="a">TPG502</marc:subfield><marc:subfield code="x">18997</marc:subfield><marc:subfield code="w">l</marc:subfield></marc:datafield><marc:datafield tag="910" ind1=" " ind2=" "><marc:subfield code="a">TRG001</marc:subfield><marc:subfield code="x">016260000491147</marc:subfield><marc:subfield code="w">l</marc:subfield></marc:datafield><marc:datafield tag="910" ind1=" " ind2=" "><marc:subfield code="a">TUG504</marc:subfield><marc:subfield code="x">19057</marc:subfield><marc:subfield code="w">l</marc:subfield></marc:datafield><marc:datafield tag="910" ind1=" " ind2=" "><marc:subfield code="a">UHG001</marc:subfield><marc:subfield code="x">017440000698432</marc:subfield><marc:subfield code="b">821.162.3(091) BRO</marc:subfield><marc:subfield code="w">l</marc:subfield></marc:datafield><marc:datafield tag="910" ind1=" " ind2=" "><marc:subfield code="a">ULG001</marc:subfield><marc:subfield code="x">016020003134564</marc:subfield><marc:subfield code="b">N159438/I</marc:subfield><marc:subfield code="w">l</marc:subfield></marc:datafield><marc:datafield tag="910" ind1=" " ind2=" "><marc:subfield code="a">UOG001</marc:subfield><marc:subfield code="x">46113</marc:subfield><marc:subfield code="w">l</marc:subfield></marc:datafield><marc:datafield tag="910" ind1=" " ind2=" "><marc:subfield code="a">UOG502</marc:subfield><marc:subfield code="x">86993</marc:subfield><marc:subfield code="w">l</marc:subfield></marc:datafield><marc:datafield tag="910" ind1=" " ind2=" "><marc:subfield code="a">UOG505</marc:subfield><marc:subfield code="x">30106</marc:subfield><marc:subfield code="w">l</marc:subfield></marc:datafield><marc:datafield tag="910" ind1=" " ind2=" "><marc:subfield code="a">UOG507</marc:subfield><marc:subfield code="x">19686</marc:subfield><marc:subfield code="w">l</marc:subfield></marc:datafield><marc:datafield tag="910" ind1=" " ind2=" "><marc:subfield code="a">ZLD002</marc:subfield><marc:subfield code="x">2754</marc:subfield><marc:subfield code="w">l</marc:subfield></marc:datafield><marc:datafield tag="910" ind1=" " ind2=" "><marc:subfield code="a">ZLG001</marc:subfield><marc:subfield code="x">kpw01290236</marc:subfield><marc:subfield code="w">l</marc:subfield></marc:datafield><marc:datafield tag="910" ind1=" " ind2=" "><marc:subfield code="a">ZRG503</marc:subfield><marc:subfield code="x">001650000018118</marc:subfield><marc:subfield code="w">l</marc:subfield></marc:datafield><marc:datafield tag="911" ind1=" " ind2=" "><marc:subfield code="a">BOA001</marc:subfield><marc:subfield code="d">zdigitalizováno</marc:subfield><marc:subfield code="u">http://krameriusndk.mzk.cz/search/handle/uuid:227bc7c0-8f06-11e3-997d-005056827e52</marc:subfield></marc:datafield><marc:datafield tag="998" ind1=" " ind2=" "><marc:subfield code="a">http://aleph.nkp.cz/F/?func=direct&amp;doc_number=001365337&amp;local_base=SKC</marc:subfield></marc:datafield></marc:record></metadata></record><resumptionToken>202206231107054999999999999999SKC:SKCM</resumptionToken></ListRecords></OAI-PMH> 